3096 3800
1357 167 1384 215 7

850 301 935 345 125
988 295 1077 347 ”122
1107 297 1173 345 τὸν
1203 297 1314 346 αὔτὸν
1347 298 1463 358 ἔγειρε
1492 299 1594 358 γόον,

992 370 1107 433 ἄναγε
1138 375 1384 433 πολύδακρυν
1413 373 1564 428 domatur,

301 453 360 499 ab
397 451 524 497 initio
564 456 744 497 cantum
782 451 947 511 repetit
983 451 1224 510 fratrisque
1257 450 1449 499 Orestae
1486 451 1783 498 calamitatem
1824 468 1925 498 cum
1964 452 2106 512 ipsius
2144 452 2304 498 iniuria
2341 467 2451 498 con-

304 529 502 574 iunctam
531 526 679 587 luget,
711 542 843 585 quem
875 526 1185 573 ardentissime
1217 528 1343 587 cupit
1373 527 1517 573 redire
1549 528 1700 574 caedis
1731 535 1943 588 paternae
1974 528 2218 585 vindicem,
2260 543 2309 574 se
2339 543 2450 573 vero

305 608 359 649 ut
388 601 548 648 odiosa
576 602 671 647 vita
702 602 863 648 solvat.

995 676 1179 730 Zv‘vrttv'‚'
1204 671 1301 734 ὥρα,
1333 675 1452 731 ποδδς
1483 676 1622 736 ὁρμάν·

995 748 1027 796 ὦ
1059 750 1162 810 ἔμβα
1193 751 1296 810 ἔμβα
1327 751 1636 797 κατακλαίουσα.

995 826 1043 872 ιἀἴ
1071 825 1145 886 μοι’
1168 845 1249 886 μοι.

850 905 938 948 130
996 904 1082 947 τίνα
1110 901 1238 955 πόλιν,
1269 890 1353 947 τίνα
1383 903 1423 946 δ’
1454 902 1569 955 οῧιον,
1601 897 1631 947 ὧ

995 980 1145 1035 τλᾶμον
1174 977 1347 1035 σύγγονε,
1379 976 1576 1033 λατρεύεις

996 1049 1150 1111 οἰκτρὼ
1181 1053 1219 1098 ἓν
1248 1051 1463 1112 θαλάμοις,
1479 1050 1603 1097 λιπών

996 1127 1190 1188 πατρῴοις
1220 1124 1284 1174 ἐπὶ
1316 1130 1534 1187 συμφοραῖς

995 1202 1241 1261 ἆλγῖσταισιν
1270 1203 1486 1259 α’δελφειίνς

848 1279 933 1324 135
997 1276 1131 1332 ἔλθοις
1162 1281 1281 1324 τῶνδε
1310 1277 1430 1324 πόνων
1462 1273 1547 1337 ἐμοὶ

994 1355 1048 1413 τᾷ
1076 1354 1199 1413 μελέᾳ
1229 1352 1368 1411 λυτήρ,

994 1424 1025 1473 ὦ
1056 1432 1134 1473 Ζεῦ
1164 1431 1258 1481 Ζεῦ,
1291 1426 1416 1485 πατρῖ
1441 1428 1486 1474 θ’
1515 1427 1689 1486 αὲμοίτων

994 1503 1196 1560 ἐχθίστων
1226 1501 1444 1561 ἐπίκουρος,
1465 1500 1567 1560 'Ap-

992 1598 1050 1637 γει
1080 1579 1224 1632 κέλσας
1253 1578 1349 1624 πόδ’
1377 1578 1542 1624 α’λιίταν.

302 1651 389 1698 His
420 1651 595 1699 duabus
626 1653 827 1711 partibus
850 1654 1056 1701 carminis
1087 1671 1115 1700 a
1144 1659 1415 1713 properante
1445 1655 1562 1699 inter
1582 1655 1677 1700 vias
1705 1655 1871 1699 cantati
1902 1654 2087 1713 pulchre
2119 1654 2237 1699 inter
2268 1668 2316 1700 se
2339 1668 2448 1699 con·

303 1727 555 1772 cinentibus
585 1728 796 1786 Aegisthi
826 1730 1016 1774 maxime
1046 1730 1285 1788 superbam
1317 1729 1629 1773 contumeliam
1666 1729 1862 1773 incusari
1892 1729 2200 1788 intelligimus,
2239 1744 2328 1786 qua
2359 1730 2446 1774 sci·

301 1818 402 1847 mus
433 1808 672 1860 utrumque
702 1811 1010 1863 perpetratum
1042 1821 1163 1861 esse,
1201 1804 1386 1848 Electra
1414 1810 1467 1847 ut
1497 1804 1582 1848 hos
1611 1803 1789 1848 labores
1822 1819 1934 1862 quos
1971 1804 2212 1848 identidem
2243 1820 2448 1849 exsecra-

298 1884 374 1921 tur
406 1880 637 1924 exanclare
668 1880 869 1938 indigna,
899 1881 1038 1925 frater
1068 1887 1215 1925 autem
1247 1880 1342 1925 eius
1372 1879 1530 1937 pulsus
1559 1879 1705 1936 patria
1734 1879 1965 1925 mendicus
1997 1880 2151 1939 vagari
2183 1885 2367 1937 cogatur
2396 1879 2445 1923 in

302 1953 449 1999 aliena
483 1961 616 2000 terra.
677 1956 752 2000 Ab
789 1956 860 2000 his
896 1972 1002 2000 vero
1040 1971 1156 2013 quae
1194 1955 1340 2000 adhuc
1378 1955 1582 2000 recitavit
1623 1962 1884 2015 argumento
1925 1956 2130 2002 carminis
2170 1971 2260 2000 non
2297 1955 2443 2000 minus

304 2045 439 2087 quam
470 2031 733 2077 condicione
767 2031 969 2077 canentis
1001 2036 1174 2078 secreta
1204 2036 1309 2078 sunt
1340 2035 1455 2090 quae
1486 2031 1796 2090 insequuntur.
1852 2030 2031 2092 Quippe
2063 2031 2346 2078 festinatione
2367 2046 2442 2076 su-

300 2105 398 2150 bito
429 2107 594 2152 omissa
626 2108 831 2153 subsistit
862 2123 977 2152 urna
1007 2108 1140 2152 etiam
1173 2107 1230 2152 de
1262 2108 1409 2165 capite
1442 2106 1649 2165 deposita
1679 2114 1730 2152 ut
1761 2108 1877 2166 patri
1905 2108 2267 2153 lamentationem
2298 2113 2443 2152 matu·

299 2182 440 2227 tinam
470 2182 613 2227 tollat.
934 2223 938 2226 Α

850 2259 937 2303 140
999 2257 1075 2311 Θές
1105 2256 1196 2303 τόδε
1226 2260 1364 2314 τεῦχος
1395 2259 1488 2317 ἐμῆς
1518 2254 1600 2302 α’πδ
1628 2255 1768 2315 κρατὸς
1798 2259 1836 2302 ἑ-

991 2332 1112 2385 λοῦσ’,
1143 2331 1202 2376 ἵνα
1233 2331 1352 2389 πατρὶ
1381 2333 1492 2390 γόους
1523 2333 1676 2389 νυχίους

989 2407 1288 2465 ἐπορὲοβοσίσω,

990 2481 1108 2540 ιάχᾶν
1139 2480 1271 2528 ἀοιδὰν
1301 2483 1417 2542 μέλος
1447 2482 1575 2527 Ἀίδα.

297 2559 354 2603 In
385 2560 548 2617 quibus
580 2560 780 2605 versibus
811 2560 899 2604 alia
930 2575 1043 2617 quae
1073 2560 1328 2618 interpretis
1359 2574 1509 2603 curam
1540 2565 1735 2618 poscunt
1765 2559 2030 2614 omittimus,
2063 2558 2144 2602 sed
2176 2559 2298 2616 quod
2330 2559 2445 2604 dicit

298 2634 481 2680 Electra
509 2634 580 2690 θὶς
609 2653 647 2681 τ.
669 2654 706 2680 τ.
728 2637 821 2695 ἐμῆς
847 2632 926 2680 ἀπὸ
956 2633 1095 2692 κρατὸς
1126 2637 1185 2680 ἑλ.
1215 2650 1306 2679 non
1338 2635 1432 2680 sine
1464 2650 1601 2679 causa
1631 2634 1777 2679 doctis
1809 2650 1955 2679 moras
1987 2634 2168 2678 creavit.
2235 2632 2440 2689 Quorum

297 2710 492 2756 Weilius
526 2726 626 2756 cum
657 2712 871 2756 Dobraeo
901 2714 967 2757 θῶ·
987 2729 1025 2755 τ.
1045 2729 1084 2755 τ.
1105 2712 1198 2769 ἐμῆς
1218 2709 1298 2755 ἀπὸ
1318 2709 1457 2767 κρατὸς
1478 2713 1620 2754 ἑλοῦσα
1651 2712 1847 2769 positum
1880 2711 2017 2754 fuisse
2039 2711 2246 2764 coniecit,
2278 2726 2332 2753 eo
2353 2726 2441 2754 usu

298 2786 513 2845 loquendi
549 2803 640 2845 quo
671 2786 763 2845 φέρ’
789 2785 860 2832 ἴδω
901 2793 946 2833 et
977 2787 1137 2832 similia
1167 2787 1254 2831 dici
1285 2786 1449 2842 solent,
1487 2792 1538 2830 ut
1569 2793 1710 2831 semet
1739 2787 1838 2845 ipsa
1868 2786 2049 2830 Electra
2077 2785 2148 2830 his
2180 2786 2329 2830 verbis
2362 2786 2441 2830 ad·

297 2870 496 2917 moneat3
527 2863 875 2909 Wilamowitzio
914 2869 1083 2919 autem,
1121 2863 1197 2921 qui
1234 2863 1322 2907 iam
1353 2863 1429 2907 illa
1459 2878 1573 2921 quae
1606 2862 1715 2905 dicit
1744 2862 1925 2906 Electra
1955 2878 1999 2905 v.
2023 2863 2126 2906 56s.
2158 2859 2286 2919 πηγὰς
2318 2879 2443 2905 ποτα-

294 2935 385 2994 μίας
415 2936 657 2996 μετέρχομαι
689 2939 733 2983 ου’
762 2939 816 2996 δή
844 2957 883 2983 τι
918 2937 1056 2995 χρείας
1093 2938 1144 2991 εἰς
1185 2936 1339 2982 τοσόνδ’
1368 2936 1557 2996 ἀφιγμένη
1597 2945 1798 2995 paratam
1838 2937 2026 2982 ancillae
2069 2953 2202 2996 opem
2242 2937 2443 2982 indicare

298 3013 587 3070 existimavit,
626 3029 746 3059 nunc
775 3013 959 3059 Electra
988 3013 1193 3058 ancillam
1230 3013 1437 3057 comitem
1477 3012 1704 3071 appellare
1734 3012 1832 3057 visa
1872 3019 1941 3057 est
1978 3027 2164 3070 eamque
2200 3012 2351 3057 iubere
2390 3019 2442 3056 ut

295 3103 454 3134 urnam
491 3089 577 3134 sibi
607 3089 664 3135 de
705 3090 850 3150 capite
889 3096 1050 3136 sumat.
1110 3091 1175 3134 At
1205 3105 1311 3134 vero
1343 3089 1398 3133 de
1428 3089 1587 3133 comite
1617 3088 1825 3132 Electrae
1857 3103 1940 3133 nos
1973 3104 2106 3149 aegre
2138 3089 2441 3144 concedimus,

297 3178 410 3221 quae
443 3166 482 3208 si
512 3181 603 3209 non
635 3167 731 3210 sola
762 3173 856 3210 erat
886 3166 1114 3222 solamque
1148 3180 1246 3210 esse
1276 3171 1410 3223 poeta
1440 3166 1596 3219 voluit,
1628 3165 1797 3222 species
1829 3165 1930 3223 ipsa
1957 3166 2156 3208 ancillari
2187 3166 2343 3208 habitu
2373 3166 2440 3207 in·

295 3239 495 3285 cedentis
528 3241 677 3299 aliqua
709 3257 763 3286 ex
794 3248 919 3301 parte
951 3242 1171 3300 corrumpi
1202 3241 1400 3295 videtur3
1440 3255 1524 3285 nec
1554 3241 1657 3300 plus
1690 3256 1823 3298 quam
1855 3241 2096 3297 Electram,
2129 3256 2263 3298 quam
2295 3241 2439 3297 ipsam
