3096 3800
1678 205 1708 252 8

608 357 710 388 esse
746 342 958 386 famulam
997 340 1297 399 suspicantur,
1335 339 1523 385 Orestes
1561 344 1606 383 et
1642 338 1837 397 Pylades
1877 340 2207 398 conspexerunt
2244 340 2308 398 (v.
2334 340 2419 384 107
2432 341 2577 399 sqq->3
2625 342 2771 400 quod-

609 432 698 476 que
736 432 785 462 se
821 422 960 476 negat
990 415 1173 460 Electra
1208 415 1478 460 necessitate
1522 419 1723 459 coactam
1755 413 1906 459 servili
1946 428 2080 472 opere
2115 414 2263 473 fungi,
2301 413 2351 458 id
2382 430 2471 472 quo
2501 415 2599 461 iure
2629 423 2769 476 neget

609 493 796 537 maritus
829 492 925 537 eius
958 489 1239 536 dehortando
1272 490 1474 534 declarat
1505 491 1567 548 (v.
1593 490 1652 534 64
1661 490 1797 548 sqq.).
1859 487 2055 534 Accedit
2075 489 2199 548 quod
2229 503 2280 534 se
2306 489 2397 534 hoc
2416 490 2611 536 carmine
2634 486 2772 538 Elec*

610 574 682 612 tra
725 567 968 613 identidem
1007 567 1265 625 alloquitur,
1311 565 1474 609 σύντεινε
1512 563 1632 618 ποδὸς
1669 562 1812 623 ὁρμάν·
1845 558 1877 608 ὦ
1915 562 2019 622 ἔμβα
2055 561 2159 622 ἔμβα
2195 566 2261 623 (v.
2286 565 2372 608 112
2384 579 2451 623 sq.
2484 560 2537 609 et'
2562 567 2648 610 127
2657 569 2770 626 sq.);

610 640 674 689 ἴθι
704 639 770 686 τδν
802 639 914 687 αὐτὸν
947 640 1064 699 ἔγειρε
1093 641 1195 699 γόον,
1227 637 1341 697 ἄναγε
1373 640 1620 696 πολύδακρυν
1651 637 1792 683 οἷδοναίν
1824 641 1887 698 (v.
1915 641 1999 684 125
2009 641 2123 698 sq.);
2156 636 2381 697 ἒὲ.δρυ’πτε
2411 637 2516 697 κάρα
2547 643 2611 699 (v.
2637 643 2768 701 150);·

610 724 663 763 ut
692 734 749 763 ne
781 719 906 762 illum
940 717 1119 775 quidem
1151 717 1464 775 imperativum
1495 721 1667 760 mutare
1704 721 1783 759 aut
1819 716 1867 759 in
1898 715 2090 760 alienam
2128 715 2472 774 appellationem
2503 714 2770 775 detorquere

610 794 757 839 liceat.
822 792 916 840 Sed
948 792 1069 850 quod
1100 807 1202 837 cum
1232 791 1302 845 θές
1334 791 1567 850 coniungit
1595 805 1686 836 non
1718 790 1842 848 quod
1872 784 2069 836 debebat
2099 793 2170 849 σῆς
2201 805 2355 835 verum
2385 805 2442 834 ex
2471 796 2632 851 coepta
2670 806 2770 838 ora-

609 870 731 915 tione
763 869 1008 914 deflectens
1047 869 1141 927 ἐμῆς
1173 864 1252 911 α’πὸ
1283 863 1423 922 κρατὸς
1454 867 1534 923 ἑλ.,
1574 866 1621 911 id
1653 867 1730 925 qui
1761 867 1866 911 ferri
1896 863 2108 923 nolue‘rit,
2147 866 2401 926 pronomini
2430 881 2612 912 manum
2643 867 2769 912 adhi-

611 946 718 989 beat
750 950 942 1003 oportet.
995 945 1061 988 At
1092 944 1181 987 hoc
1213 942 1433 1000 quidquid
1465 948 1535 986 est
1566 943 1742 986 artificii
1774 958 1865 987 non
1895 943 2030 1001 plane
2061 941 2272 987 abhorret
2304 943 2360 986 ab
2391 941 2480 986 hoc
2509 949 2660 1001 poeta,
2691 944 2769 1001 qui

610 1020 683 1064 vel
713 1020 791 1064 illa
822 1019 1002 1078 scripsit
1033 1019 1079 1062 in
1110 1018 1302 1062 Hecuba

1083 1095 1170 1138 736
1234 1090 1409 1151 δύστην’,
1442 1090 1610 1151 ἐμαυτὴν
1639 1091 1714 1150 γοὶρ
1745 1093 1848 1151 λέγω
1879 1093 2049 1151 λέγουσα
2080 1092 2138 1147 σέ,

1229 1165 1402 1226 Ἑκάβη,
1435 1167 1481 1211 τί
1508 1168 1664 1224 δράσως
1697 1166 1851 1225 πότερα
1881 1168 2094 1224 προσπέσω
2124 1165 2214 1225 γο’νυ

1229 1242 1505 1301 Ἀγαμέμνονος
1537 1242 1650 1286 τοῦδ’
1679 1239 1706 1301 ἢ
1736 1239 1844 1300 φέρω
1874 1246 1968 1303 σιγῇ
1997 1244 2124 1297 κακᾶς

610 1335 726 1377 quae
759 1319 962 1376 argutiae
993 1324 1150 1362 notum
1183 1325 1254 1362 est
1285 1324 1455 1375 quanto
1488 1334 1624 1376 opere
1661 1334 1763 1362 cum
1793 1325 1968 1363 veteres
2006 1325 2101 1362 tum
2138 1316 2400 1362 recentioris
2438 1319 2600 1363 aetatis
2632 1318 2769 1363 inter-

611 1400 763 1452 pretes
796 1409 853 1437 ne
874 1393 1138 1437 Hermanno
1172 1392 1351 1449 quidem
1385 1399 1573 1450 excepto
1607 1394 1897 1437 exercuerint.
1959 1393 2023 1436 Et
2054 1408 2188 1451 saepe
2219 1398 2378 1450 poetae
2407 1393 2456 1436 in
2486 1392 2575 1436 hoc
2605 1408 2768 1451 genere

609 1470 734 1513 nullo
766 1484 908 1528 paene
939 1469 1178 1513 intervallo
1211 1468 1460 1512 orationem
1492 1468 1681 1525 variant,
1713 1468 1839 1514 velut
1869 1467 2092 1513 Pindarus
2122 1467 2255 1513 Nem.
2279 1469 2323 1525 4,
2346 1469 2403 1512 69
2436 1465 2635 1526 ἀπότρεπε
2664 1461 2770 1524 αἶίτις

610 1543 804 1601 Εὐρώπαν
838 1541 929 1588 ποτὶ
960 1544 1104 1601 χέρσον
1137 1541 1242 1587 ἔντεα
1275 1542 1377 1596 ναός·
1410 1538 1540 1598 ἄπορα
1575 1540 1651 1599 γοὶρ
1688 1543 1803 1601 λόγον
1833 1543 1983 1588 Αἰακοῦ
2019 1543 2168 1589 παίδων
2199 1542 2263 1589 τὸν
2294 1536 2450 1589 ἅπαντά
2478 1562 2545 1602 μοι
2575 1546 2770 1601 onmem

609 1627 657 1665 et
687 1620 868 1666 inverso
901 1619 1058 1665 ordine
1090 1619 1209 1665 idem
1241 1619 1374 1665 Nem.
1402 1621 1473 1675 10,
1500 1620 1554 1663 19
1592 1618 1728 1676 βραχύ
1758 1638 1824 1678 μοι
1855 1619 1987 1679 στόμα
2017 1618 2133 1664 πάντ’
2162 1617 2432 1678 ἀναγήσασθ’,
2471 1610 2571 1664 ἴσων
2599 1618 2771 1679 Ἀργεῖον

612 1694 698 1751 ἔχει
727 1696 878 1755 τέμενος
909 1699 1051 1755 μοῖραν
1079 1697 1202 1740 ἐσλῶν
1235 1727 1246 1737 .
1264 1731 1275 1741 .
1307 1694 1399 1740 ἀλλ’
1430 1688 1530 1753 ἶμως
1562 1688 1749 1750 εὔχορδον
1780 1693 1898 1753 ἔγειρε
1929 1695 2061 1753 λύραν.
2100 1691 2102 1695 ’
2130 1695 2394 1755 Eodemque
2423 1695 2558 1741 modo
2591 1695 2772 1756 Sopho-

611 1772 704 1816 cles
736 1773 863 1816 initio
898 1771 1066 1831 Oedipi
1099 1771 1287 1815 Colonei

1230 1844 1288 1899 τῖς
1319 1844 1383 1890 τδν
1414 1844 1621 1904 πλανήτην
1653 1844 1841 1890 Οἰδίπουν
1872 1846 1967 1893 καθ’
1996 1845 2141 1904 ἡμέραν

1230 1919 1299 1978 τὴν
1332 1925 1389 1964 νῦν
1420 1925 1644 1974 σπανιστοῖς
1675 1921 1828 1978 δέξεται
1860 1922 2097 1979 δωρήμασιν,

1146 1998 1172 2040 5
1235 1994 1395 2054 σμικρὸν
1425 1996 1491 2054 μὲν
1523 1997 1759 2053 ἐξαιτοῦντα,
1791 1999 1860 2041 τοῦ
1890 2000 2056 2055 σμικροῦ
2088 1995 2130 2039 δ’
2159 1994 2214 2041 ἔτι

1232 2074 1335 2129 μεῖον
1367 2070 1547 2128 φέροντα,
1579 2070 1644 2115 καὶ
1674 2071 1763 2115 τόδ’
1792 2073 1975 2128 ἐξαρκοῦν
2005 2070 2105 2129 ἐμοί.

612 2163 760 2205 neque
793 2148 910 2191 enim
943 2147 1157 2191 adiuvant
1189 2148 1438 2192 orationem
1470 2149 1547 2206 qui
1580 2149 1693 2192 haec
1723 2154 1950 2206 postrema
1979 2142 2046 2190 καὶ
2077 2145 2166 2191 τόδ’
2194 2147 2376 2203 ἐξαρκοῦν
2398 2145 2490 2204 ἐμοί
2516 2162 2543 2192 a
2565 2148 2768 2206 superio-

611 2223 738 2268 ribus
776 2222 979 2267 seiuncta
1020 2222 1066 2266 in
1104 2222 1343 2280 peculiaris
1377 2223 1467 2267 vim
1507 2223 1752 2268 sententiae
1795 2222 1938 2283 accipi
1975 2222 2146 2267 volunt.
2209 2221 2276 2268 Ut
2313 2220 2490 2267 dubites
2522 2237 2656 2280 quam
2686 2237 2768 2267 ne-

609 2299 808 2343 cessario
841 2298 887 2342 in
919 2298 1154 2357 Euripidis
1186 2298 1344 2343 Helen.
1370 2300 1459 2343 954

1231 2373 1336 2426 ἀλλ’,
1368 2374 1403 2418 εἰ
1431 2373 1498 2433 μὲν
1530 2370 1653 2431 ἄνδρα
1684 2393 1747 2419 σοι
1779 2376 1893 2419 δοκεῖ
1916 2377 2043 2433 σῷσαι
2074 2374 2175 2431 ξένον

1231 2450 1422 2507 ζητοῦντα’
1450 2452 1488 2507 γ’
1522 2451 1653 2506 ὀρθῶς
1685 2448 1900 2503 α’πολαβεῖν
1930 2449 2103 2508 δάμαρτ’
2132 2448 2241 2508 ἐμήν,

1228 2524 1376 2578 οἷπόδος
1409 2543 1451 2569 τε
1483 2523 1549 2568 καὶ
1582 2523 1677 2582 πρδς
1709 2529 1849 2583 σῷσον,

613 2598 803 2657 ζητοῦντά
840 2599 884 2658 μ’
929 2601 986 2645 de
1029 2600 1204 2645 Reiskii
1248 2601 1506 2645 coniectura
1553 2607 1786 2659 reponant.
1869 2599 1962 2646 Sed
2000 2606 2051 2644 ut
2090 2606 2316 2645 taceamus
2363 2601 2450 2644 alia
2497 2615 2612 2658 quae
2659 2599 2768 2645 satis

611 2677 752 2719 multa
784 2692 840 2719 ex
871 2677 1005 2720 variis
1036 2677 1184 2734 poetis
1217 2675 1365 2720 afferri
1396 2683 1607 2734 possunt,
1647 2678 1693 2719 in
1725 2676 1810 2719 hac
1841 2675 2012 2732 μονῳδία
2051 2677 2151 2733 ipsa
2182 2691 2297 2733 quae
2337 2691 2385 2720 se
2417 2676 2616 2734 proxime
2649 2677 2769 2720 exci-

611 2750 741 2808 piunt
773 2745 803 2792 ὣ
836 2747 939 2807 ἔμβα
972 2748 1088 2808 ἔμβα.
1120 2749 1166 2793 ἰώ
1195 2750 1269 2807 μοι’
1295 2769 1374 2807 μοι,
1407 2757 1452 2795 et
1482 2767 1636 2796 rursus
1668 2751 1713 2794 in
1745 2750 2013 2794 contrariam
2039 2756 2220 2807 partem‘
2241 2749 2352 2806 γόους
2384 2746 2437 2803 οξ
2468 2747 2515 2794 τὸ
2545 2749 2631 2795 κατ’
2661 2743 2768 2808 ἦμαρ

613 2821 797 2882 διέπομαι
829 2857 839 2867 .
858 2856 869 2867 .
902 2821 920 2867 ἒ
953 2822 989 2876 ἔ,
1023 2824 1171 2881 δρύπτε
1203 2824 1305 2882 κάρα
1337 2826 1448 2870 satis
1480 2841 1578 2870 esse
1612 2823 2117 2884 argumenti'videntur,
2158 2840 2215 2870 ne
2246 2825 2368 2870 illam
2402 2825 2583 2884 quidem
2613 2826 2770 2870 incon-

612 2900 825 2943 stantiam
865 2901 1081 2945 orationis
1115 2916 1204 2957 qua
1244 2916 1293 2945 se
1335 2900 1575 2958 compellat
1605 2900 1790 2944 Electra
1825 2898 1895 2952 θὲς
1927 2899 2018 2943 τόδε
2047 2902 2187 2955 τεῦχος
2214 2901 2311 2958 Δἐμῆς
2342 2898 2422 2945 dno*
2451 2898 2592 2957 κρατὸς
2624 2902 2768 2945 ἑλοῦσα

611 2974 878 3032 corrigendo
912 2980 989 3019 aut
1018 2975 1354 3033 interpretando
1386 2974 1594 3033 Euripidi
1625 2990 1724 3019 esse
1756 2974 2046 3019 adimendam.

825 3048 999 3096 Cantus
1031 3051 1129 3109 ipse
1162 3067 1252 3109 quo
1285 3067 1334 3096 se
1366 3056 1539 3109 patrem
1570 3050 1726 3108 lugere
1756 3050 1870 3096 velle
1900 3050 2085 3096 Electra
2114 3050 2358 3110 praedixit,
2390 3052 2428 3096 si
2461 3067 2671 3097 sensuum
2702 3058 2769 3096 te-

612 3141 768 3171 norem
800 3127 1031 3185 respicias,
1064 3127 1206 3172 tribus
1237 3126 1441 3186 partibus
1475 3127 1742 3185 explicatum
1776 3141 1963 3184 quarum
1994 3128 2141 3187 prima
2171 3127 2254 3173 hos
2275 3142 2432 3173 versus
2460 3127 2771 3187 complectitur

1234 3201 1374 3258 ποίτερ,
1407 3200 1469 3246 σοὶ
1500 3200 1603 3246 κατά
1632 3206 1702 3259 γᾶς
1734 3202 1853 3246 ἐνέπω
1882 3202 2006 3260 γόους,

1088 3279 1172 3322 145
1237 3274 1289 3331 οἷς
1323 3274 1381 3323 ἀεὶ
1412 3274 1460 3324 ‘td
1490 3277 1582 3323 κατ’
1612 3272 1719 3337 ἦμαρ
