3096 3800
1596 230 1625 276 6

985 366 1070 406 ΟΡ.

1164 440 1224 482 νῦν
1256 428 1330 492 οὖν,
1363 435 1429 493 ἕως
1459 435 1534 496 γοίρ
1567 436 1701 484 λευκὸν
1733 433 1830 499 ὄμμ’
1859 437 2069 497 οἰναίρεται,

1164 511 1237 570 ἔξω
1268 513 1406 571 τρίβου
1438 514 1549 560 τοῦδ’
1579 512 1685 572 ἴχνος
1716 514 2007 576 αἷλλαξώμεθα.

1163 583 1190 645 ἢ
1221 590 1295 646 γάρ
1327 606 1384 643 τις
1415 588 1562 648 ἀροτὴρ
1594 587 1621 648 ἦ
1651 609 1707 645 τις
1739 592 1875 645 οἰκέτις
1904 589 1998 649 γυνὴ

1010 665 1096 708 105
1160 662 1379 721 φανήσεται
1411 669 1490 724 νῷν,
1525 660 1642 724 ἥντιν’
1672 666 1941 726 ἱστορήσομεν,

1163 739 1200 784 εἰ
1225 739 1368 785 τούσδε
1401 742 1492 786 ναίει
1523 741 1700 799 σύγγονος
1731 740 1874 795 τόπους
1906 740 1999 800 ἐμή·

1163 813 1257 860 ἄλλ’
1287 815 1425 872 εἰσορῶ
1455 814 1530 873 γοὶρ
1561 816 1678 874 τήνδε
1710 815 1947 873 προσπόλων
1976 813 2061 860 τινὰ

1161 893 1324 947 πηγαῖον
1354 885 1488 947 ἔχθος
1520 894 1556 936 ἐν
1586 892 1804 950 κεκαρμένῳ
1834 889 1940 950 κοίρᾳ

1159 966 1363 1021 φέρουσαν,
1396 966 1606 1024 ἑζώμεσθα
1635 964 1944 1025 κάκπυθώμεθα

1009 1040 1094 1084 110
1156 1037 1299 1098 δούλης
1329 1039 1515 1098 γυναικός,
1546 1037 1590 1098 ἦν
1621 1059 1660 1085 τι
1690 1039 1911 1099 δεξώμεσθ’
1941 1037 2030 1094 ἔπος

1161 1115 1227 1171 ἐφ’
1258 1113 1347 1171 οἷ’σι,
1380 1116 1567 1174 Πυλάδη,
1598 1114 1712 1174 τήνδ’
1742 1115 1952 1175 α’φίγμεθα
1981 1115 2130 1172 χθόνα.

534 1190 717 1233 Electra
750 1191 954 1247 hydriam
994 1209 1111 1250 aqua
1140 1195 1355 1252 repletam
1394 1196 1440 1238 in
1473 1195 1618 1252 capite
1651 1210 1811 1254 gerens
1844 1193 1951 1239 dum
1982 1193 2165 1239 domum
2200 1192 2346 1238 redire
2376 1198 2589 1252 properat
2618 1193 2688 1237 in-

532 1270 602 1308 ter
634 1265 828 1311 eundum
863 1268 983 1311 canit
1015 1284 1042 1312 a
1074 1268 1335 1313 condicione
1366 1284 1448 1313 sua
1480 1275 1742 1328 argumento
1774 1269 1930 1328 petito.

1158 1342 1337 1395 Σύντειν’,
1370 1337 1464 1400 ὥρα,
1498 1341 1617 1397 ποδός
1649 1342 1787 1402 όρμοίν·

1157 1413 1188 1461 ὦ
1221 1417 1323 1476 ἔμβα
1356 1416 1458 1476 ἔμβα
1490 1419 1800 1463 κατακλαίουσα.

1159 1493 1204 1537 ιἀό
1235 1493 1308 1551 μοι’
1333 1511 1411 1552 μοι.

1010 1571 1097 1613 115
1160 1567 1337 1627 ἐγενόμαν
1367 1568 1644 1628 Ἀγαμέμνονος

1155 1642 1278 1701 κου’ρα
1309 1643 1382 1687 καί
1408 1644 1453 1702 μ’
1485 1642 1588 1688 ἔτεκε
1620 1643 1970 1702 Κλυταιμνήστρα,

1156 1716 1300 1774 στυγνοί
1330 1718 1551 1774 Τυνδαρέου
1582 1717 1692 1775 κόρα,

1157 1793 1416 1849 κικλήσκουσι
1447 1795 1491 1837 δέ
1522 1793 1560 1850 μ’
1591 1790 1738 1839 οἷθλίαν

1157 1866 1371 1925 Ἠλέκτραν
1403 1872 1605 1926 πολιῆται.

1010 1945 1098 1989 120
1160 1947 1233 1999 φεῦ
1264 1946 1338 2000 φεῦ
1368 1946 1442 1989 τῶν
1473 1940 1671 2000 σχετλίων
1702 1942 1822 1989 πόνων

1157 2017 1222 2065 καὶ
1254 2022 1440 2078 στυγερᾶς
1471 2017 1577 2074 ζόας.

1156 2090 1187 2140 ὦ
1218 2095 1356 2152 πάτερ,
1389 2093 1439 2140 σι)
1470 2095 1510 2139 δ’
1541 2097 1576 2140 ἐν
1595 2089 1722 2154 ‘'Acclqt
1753 2094 1806 2153 δὴ

1155 2174 1295 2224 κεῖσαι,
1328 2175 1398 2225 σῖις
1431 2170 1586 2227 α’λόχου
1616 2169 1777 2228 σφαγεὶς

1155 2247 1354 2304 Αἰγίσθου
1385 2248 1437 2299 τ’,
1469 2246 1718 2305 Ἀγάμεμνον.

528 2322 658 2377 Quae
691 2323 736 2365 in
771 2323 841 2367 his
871 2325 1073 2368 versibus
1107 2339 1197 2366 non
1229 2329 1351 2367 recte
1384 2324 1552 2380 scripta
1583 2338 1682 2367 esse
1714 2323 2139 2380 antistrophicorum
2170 2323 2283 2368 ratio
2315 2323 2529 2368 indicium
2559 2324 2683 2379 facit,

528 2398 667 2441 veluti
700 2415 742 2442 v.
771 2401 878 2454 116,
915 2414 1000 2443 nec
1033 2405 1155 2443 certo
1188 2399 1364 2442 restitui
1403 2403 1594 2456 possunt
1632 2403 1677 2441 et
1715 2413 1741 2441 a
1778 2397 2100 2456 cogitationum
2136 2404 2290 2443 tenore
2328 2399 2531 2443 seiuncta
2562 2402 2678 2443 sunt.

527 2472 626 2517 Nos
667 2480 814 2518 autem
855 2474 902 2517 id
934 2476 1107 2534 agimus
1139 2474 1226 2518 hac
1266 2474 1590 2532 disputatione,
1629 2489 1719 2517 non
1759 2478 1811 2516 ut
1849 2478 2091 2517 metrorum
2132 2488 2384 2518 mensuram
2417 2473 2683 2518 emendandi

526 2563 637 2592 cura
664 2554 978 2608 temperemus,
1019 2550 1100 2594 sed
1132 2556 1182 2593 ut
1213 2549 1534 2594 sententiarum
1567 2548 1725 2593 modos
1755 2563 2052 2606 numerosque
2085 2549 2150 2592 sic
2181 2555 2232 2593 ut
2261 2565 2500 2608 possumus
2532 2564 2683 2609 perse-

526 2639 718 2682 quamur
750 2632 795 2669 et
828 2626 1131 2684 explanemus.
1193 2625 1352 2683 Itaque
1378 2625 1491 2669 haec
1521 2640 1637 2682 quae
1669 2624 1725 2668 de
1758 2638 1923 2682 genere
1954 2638 2036 2667 suo
2069 2623 2180 2668 dicit
2204 2625 2386 2670 Electra
2415 2642 2458 2670 v.
2483 2627 2681 2683 115sqq.

526 2715 619 2742 non
651 2715 759 2743 sane
792 2702 837 2743 in
869 2702 958 2744 vim
990 2703 1187 2759 vulgaris
1227 2701 1380 2744 indicii
1418 2701 1541 2758 quod
1582 2700 1718 2744 faciat
1757 2699 1813 2743 de
1853 2714 1901 2742 se
1942 2699 2182 2756 accipimus
2220 2716 2363 2758 neque
2396 2717 2501 2746 vero
2533 2701 2681 2747 Wila-

526 2775 753 2819 mowitzio
787 2777 1074 2821 concedimus
1106 2784 1240 2835 poeta
1271 2776 1448 2820 volente
1479 2776 1630 2819 inania
1662 2791 1783 2830 esse,
1826 2773 1908 2819 sed
1939 2774 2088 2818 omnia
2118 2774 2164 2818 in
2195 2790 2334 2820 unum
2367 2776 2681 2836 complexiita

525 2857 718 2895 mentem
740 2851 950 2897 Electrae
970 2853 1329 2910 interpretamur,
1361 2858 1411 2895 ut
1443 2852 1628 2910 originis
1660 2851 1937 2895 nobilitatem
1970 2851 2169 2906 extollat,
2199 2867 2289 2909 quo
2321 2853 2464 2911 magis
2494 2852 2682 2911 patefiat

525 2942 661 2982 quam
693 2927 858 2972 illustri
889 2928 945 2972 de
968 2927 1060 2972 vita
1097 2928 1143 2971 in
1186 2933 1397 2985 quantam
1434 2927 1656 2971 miseriam
1689 2925 1863 2970 deiecta
1894 2926 1954 2970 sit
1986 2926 2113 2971 obitu
2143 2927 2285 2985 patris
2316 2928 2486 2973 nefario
2515 2927 2681 2973 scelere

525 3001 767 3061 absumpti.
833 3002 937 3058 Quo
975 3003 1109 3047 modo
1142 3018 1244 3046 cum
1283 3007 1489 3046 auctores
1529 3001 1791 3045 calamitatis
1831 3000 1935 3044 odio
1974 3016 2056 3044 suo
2097 3001 2259 3061 dignos
2299 3003 2543 3061 significet,
2584 3010 2681 3047 tum

524 3075 766 3136 deplorans
803 3086 854 3123 ut
892 3094 1026 3139 saepe
1063 3079 1145 3124 has
1177 3079 1293 3122 male
1327 3078 1537 3122 decentes
1561 3084 1661 3120 tam
1693 3076 1909 3120 inclutum
1941 3083 2086 3121 ortum
2119 3093 2354 3123 aerumnas
2392 3078 2547 3137 prodit
2583 3093 2682 3122 eam

523 3167 616 3210 qua
647 3157 838 3198 maxime
870 3155 1052 3199 ducitur
1081 3157 1200 3199 fastu
1231 3156 1416 3198 mixtam
1446 3154 1814 3212 indignationem.

735 3231 811 3275 Ad
843 3231 1029 3275 eandem
1062 3247 1110 3276 se
1143 3231 1508 3276 lamentationem
1539 3228 1772 3273 cohortata
