3096 3800
1588 171 1649 217 12

529 307 689 351 minuit
721 305 985 349 affirmando
1016 304 1330 349 necessitatem
1370 305 1426 348 ab
1467 304 1536 349 his
1576 303 1804 349 laboribus
1842 304 2012 349 abesse.
2077 304 2225 349 Huius
2255 303 2377 349 modi
2410 308 2685 364 argumentis

529 382 721 425 sortasse
753 379 1062 424 Kirchhoffius
1095 377 1317 423 adductus
1358 386 1428 423 est
1459 385 1510 423 ut
1549 378 1633 423 hos
1673 385 1765 424 tres
1797 393 1953 424 versus
1992 379 2048 423 ab
2080 378 2308 438 Euripidis
2346 379 2580 439 tragoedia
2616 397 2687 427 se-

527 455 648 500 cludi
680 455 851 511 mallet,
897 471 996 500 cum
1027 454 1288 514 praesertim
1322 453 1392 499 his
1426 454 1580 498 eiectis
1614 470 1667 499 ea
1706 469 1820 512 quae
1863 459 2111 512 sequuntur
2153 453 2430 499 commodius
2463 454 2521 499 ad
2552 471 2686 516 supe-

529 533 648 576 riora
680 531 958 575 adiiciantur.

1149 602 1179 648 ὦ
1212 603 1275 662 νύξ
1307 605 1483 662 μέλαινα,
1514 605 1692 660 χρυσέων
1723 600 1875 660 ἄστρων
1906 605 2039 660 τροφέ,

1149 681 1184 724 ἐν
1216 675 1240 741 ᾗ
1274 679 1363 724 τόδ’
1393 675 1507 737 ἄγγος
1539 678 1635 737 τῷδ’
1666 680 1867 736 ἐφεδρεῦον
1898 680 2001 737 κάρᾳ

1031 757 1088 800 56
1152 756 1326 811 φέρουσα
1356 752 1484 812 πηγοὶς
1516 752 1710 812 ποταμίας
1741 755 1995 813 μετέρχομαι.

1031 833 1089 875 60
1152 828 1179 887 ἡ
1208 829 1281 886 ’γάρ
1313 831 1495 888 πανώλης
1526 828 1733 886 Τυνδαρίς,
1766 830 1897 888 μήτηρ
1930 829 2017 888 ἐμή,

1149 907 1314 964 ἐξέβαλέ
1344 905 1390 964 μ’
1422 904 1532 950 οἴκων
1564 911 1653 951 κτλ.

532 985 670 1041 Quod
702 985 778 1041 qui
811 984 1018 1041 probant,
1053 984 1107 1026 iis
1139 983 1244 1027 licet
1276 983 1331 1027 de
1364 983 1567 1040 optativo
1601 984 1770 1030 securis
1803 999 1918 1037 esse,
1951 998 2084 1039 quem
2115 983 2159 1026 iu
2193 983 2456 1041 proscriptis
2477 983 2682 1029 versibus

528 1078 584 1105 ne
615 1058 925 1105 Kirchhoffius
959 1057 1139 1115 quidem
1172 1059 1355 1116 sprevit,
1388 1066 1438 1102 ut
1470 1059 1546 1116 qui
1578 1059 1731 1103 neseio
1765 1059 1837 1102 cui
1870 1058 2178 1116 interpolatori
2209 1058 2382 1102 facilius
2404 1058 2686 1104 condonetur

529 1152 663 1195 quam
706 1141 866 1193 poetae
906 1133 1075 1178 Attico.
1154 1132 1325 1178 Verum
1374 1133 1505 1179 nobis
1552 1150 1609 1178 ne
1650 1133 1721 1179 his
1762 1133 1940 1192 quidem
1983 1133 2229 1179 rationibus
2269 1132 2565 1192 persuadetur
2606 1140 2685 1179 aut

528 1212 706 1271 spurios
740 1223 839 1254 esse
870 1215 962 1252 tres
989 1208 1091 1252 illos
1123 1223 1280 1253 versus
1321 1214 1398 1252 aut
1430 1209 1579 1267 aliqua
1609 1214 1736 1267 parte
1774 1209 2054 1254 librariorum
2085 1209 2195 1253 vitio
2229 1208 2512 1267 depravatos.
2574 1209 2684 1255 Dis-

528 1289 695 1332 crimen
718 1286 834 1330 enim
857 1283 979 1341 quod
1010 1282 1285 1328 intercedere
1308 1283 1501 1328 diximus
1533 1284 1648 1328 inter
1675 1301 1728 1328 ea
1759 1301 1872 1341 quae
1906 1284 1978 1329 hic
2010 1290 2055 1329 et
2084 1284 2176 1329 illic
2195 1284 2380 1329 Electra
2409 1284 2466 1329 de
2497 1300 2546 1330 se
2569 1285 2684 1330 suis-

529 1380 615 1421 que
654 1361 878 1406 aerumnis
919 1359 1047 1414 dicit,
1088 1375 1143 1403 ex
1182 1374 1289 1403 suae
1321 1358 1597 1404 condicionis
1630 1366 1707 1403 aut
1739 1374 2029 1418 personarum
2061 1360 2328 1417 quibuscum
2360 1366 2466 1418 agat
2496 1359 2683 1405 diversi-

526 1445 619 1483 tate
658 1443 805 1481 ortum
837 1434 1027 1478 videtur.
1103 1433 1239 1489 Quod
1271 1450 1377 1478 vero
1416 1435 1517 1492 ipsa
1548 1434 1765 1489 declarat,
1808 1450 1897 1478 non
1931 1450 2030 1479 esse
2064 1450 2162 1479 eam
2193 1436 2530 1491 necessitatem,
2568 1451 2683 1493 quae

527 1514 748 1566 videatur,
789 1526 878 1567 qua
911 1515 1068 1552 coacta
1100 1510 1288 1551 ancillae
1320 1510 1464 1552 vicem
1497 1524 1610 1566 opus
1642 1510 1798 1564 faciat,
1841 1509 1948 1566 quid
1979 1510 2079 1551 miri
2115 1509 2162 1551 in
2195 1524 2248 1552 ea
2278 1525 2394 1566 quae
2425 1510 2682 1568 coniugium

526 1605 628 1634 cum
649 1589 902 1647 Mycenaeo
935 1585 1100 1628 rustico
1132 1585 1293 1628 initum
1324 1600 1417 1627 non
1450 1599 1549 1629 esse
1577 1600 1730 1628 verum
1763 1585 2020 1642 coniugium
2051 1600 2188 1642 seque
2220 1585 2431 1629 intactam
2463 1586 2680 1645 virginem

526 1667 574 1710 in
605 1665 751 1709 mariti
783 1662 965 1721 tugurio
997 1676 1177 1704 manere
1210 1662 1309 1719 ipsa
1340 1660 1585 1705 identidem
1617 1662 1824 1704 fateatur.
1887 1662 2110 1705 Nimirum
2132 1661 2220 1705 hoc
2240 1663 2469 1721 proprium
2501 1668 2570 1707 est
2599 1663 2682 1706 hu-

527 1744 597 1786 ius
629 1738 902 1797 tragoediae,
940 1743 991 1780 ut
1023 1752 1136 1793 quae
1168 1737 1348 1781 finxerit
1378 1743 1513 1795 poeta
1545 1737 1701 1781 eadem
1732 1737 1847 1780 ultro
1882 1744 2139 1796 corrumpat
2171 1744 2216 1781 et
2247 1738 2410 1795 quibus
2443 1738 2680 1797 deploran-

526 1818 631 1861 dam
670 1815 848 1860 efficere
885 1813 1112 1856 Electram
1153 1813 1371 1871 potuerit,
1411 1813 1567 1857 iisdem
1607 1828 1704 1856 eam
1744 1812 1989 1856 reddiderit
2027 1819 2341 1872 contemptam.
2412 1813 2541 1869 Quae
2578 1829 2680 1857 cum

525 1883 590 1937 ita
622 1894 729 1946 sint,
766 1890 859 1932 noli
898 1889 1103 1931 dubitare
1143 1889 1250 1944 quin
1289 1889 1530 1946 Euripides
1562 1904 1718 1931 revera
1754 1889 1870 1930 hanc
1913 1903 2038 1931 suam
2069 1889 2294 1932 Electram
2324 1890 2387 1932 ita
2423 1890 2680 1946 loquentem

527 1968 754 2012 induxerit
785 1971 836 2008 ut
868 1963 981 2006 fides
1015 1961 1183 2005 codicis
1216 1969 1419 2005 testatur.

1137 2029 1167 2079 ὦ
1202 2034 1265 2093 νύξ
1297 2038 1473 2094 μέλαινα,
1505 2039 1681 2094 χρυσέων
1713 2034 1865 2093 οἴστρων
1896 2039 2031 2092 τροφέ,

1016 2114 1071 2156 55
1136 2113 1172 2154 ἐν
1203 2106 1229 2171 ᾗ
1262 2109 1354 2155 τόδ’
1384 2107 1498 2169 ἄγγος
1530 2113 1628 2170 τῷδ’
1659 2114 1858 2169 ἐφεδρεῦον
1890 2113 1992 2169 κάρᾳ

1134 2186 1309 2241 φέρουσα
1343 2185 1466 2244 πηγοῖς
1499 2185 1692 2245 ποταμίας
1724 2188 1981 2245 μετέρχομαι,

1135 2260 1179 2304 οὐ
1210 2259 1267 2320 δή
1296 2280 1333 2306 τι
1365 2261 1502 2319 χρείας
1534 2263 1583 2315 εἰς
1614 2262 1768 2307 τοσόνδ’
1799 2261 2015 2321 ἀφιγμένη,

1132 2337 1226 2383 ἀλλ’
1257 2335 1305 2391 αἷς
1335 2331 1444 2394 ὕβριν
1476 2335 1660 2397 δείξωμεν
1690 2338 1889 2397 Αἰγίσθου
1919 2341 2026 2392 θεοῒς

1132 2413 1242 2471 γόους
1275 2413 1316 2456 τ’
1345 2413 1484 2471 οἷφείην
1517 2414 1650 2470 αἰθέρ’
1682 2414 1732 2467 εἰς
1763 2414 1881 2473 μέγαν
1913 2414 2048 2471 πατρί.

1013 2492 1071 2533 60
1134 2488 1161 2545 ἦ
1191 2487 1265 2545 γάρ
1297 2489 1480 2546 πανώλης
1512 2490 1721 2546 Τυνδαρίς,
1754 2489 1887 2548 μήτηρ
1921 2487 2011 2546 ἐμή,

1136 2562 1303 2622 ἐξέβαλε’
1331 2564 1376 2622 μ’
1407 2563 1517 2609 οἴκων
1548 2563 1703 2621 χοίριτα
1734 2562 1918 2623 τιθεμένη
1951 2563 2064 2608 πόσει
2096 2570 2186 2609 κτλ.

525 2642 644 2687 Nam
677 2640 797 2698 quod
820 2629 855 2683 ’a
886 2655 1018 2685 versu
1051 2642 1109 2684 60
1150 2639 1177 2698 ἦ
1207 2638 1282 2697 γάρ
1315 2640 1496 2698 πανώλης
1537 2641 1778 2685 interiectis
1811 2641 1909 2684 istis
1942 2641 2087 2685 tribus
2121 2642 2236 2684 57-
2249 2642 2305 2684 59
2338 2641 2471 2699 paulo
2501 2637 2678 2683 duriore

525 2717 715 2760 circuitu
760 2731 932 2759 summa
973 2717 1254 2774 superiorum
1294 2717 1513 2760 sententia
1550 2717 1766 2774 repetitur
1808 2722 1852 2759 et
1891 2717 2195 2772 confirmatur,
2234 2733 2290 2760 ne
2322 2715 2368 2759 id
2407 2714 2586 2774 quidem
2619 2714 2676 2757 ab

526 2793 659 2835 huius
698 2797 858 2849 poetae
897 2792 1220 2836 consuetudine
1262 2791 1455 2835 alienum
1496 2798 1584 2846 est,
1632 2792 1730 2848 qui,
1778 2807 1833 2835 ne
1872 2792 2005 2850 longe
2047 2791 2283 2847 abeamus,
2329 2792 2406 2835 illa
2442 2793 2592 2850 posuit
2629 2791 2677 2833 in

526 2868 715 2925 prologo

1135 2939 1225 2998 ἡμῖν
1257 2940 1301 2984 δὲ
1334 2939 1385 2998 δή
1418 2940 1576 2985 δίδωσιν
1606 2940 1820 2995 Ἠλέκτραν
1853 2938 1955 2996 ἔχειν

1015 3018 1071 3060 35
1135 3015 1335 3073 δοίμαρτα,
1370 3013 1543 3071 πατέρων
1574 3016 1640 3073 μὲν
1672 3015 1904 3073 Μυκηναίων
1935 3010 2013 3060 ἄπο

1133 3093 1312 3147 γεγῶσιν·
1345 3090 1389 3133 οὐ
1420 3088 1472 3146 δή
1504 3089 1623 3134 τοῦτο’
1651 3090 1691 3147 γ’
1722 3091 2001 3148 ἐξελέγχομαι·

1137 3160 1314 3223 λαμπροὶ
1345 3163 1422 3223 γοῖρ
1456 3166 1505 3219 εἶς
1536 3166 1636 3223 γένος
1669 3185 1724 3222 γε,
1756 3166 1970 3223 χρημάτων
2000 3185 2042 3223 γε
2074 3163 2150 3224 μὴν

1136 3242 1309 3299 πένητες,
1344 3239 1449 3287 ἔνθεν
1480 3239 1639 3299 ηὑγένει’
1669 3241 1912 3288 ἀπόλλυται·
