3096 3800
1502 191 1566 237 10

1111 319 1248 378 οἰκτροὶ
1277 321 1345 381 μὲν
1377 322 1521 376 νόστοις
1553 320 1671 375 αὐδᾶ,

1111 395 1248 453 οἰκτροὶ
1280 397 1321 440 δ’
1352 398 1387 442 ἐν
1419 395 1565 450 κοίταις
1597 396 1793 455 πατρῴαις
1824 403 1916 442 κτλ.

659 473 881 532 Exposita
912 473 1124 532 bipartita
1155 473 1289 518 huius
1321 469 1508 531 μονῳδίας
1539 474 1712 519 ratione
1745 474 1833 518 iam
1865 473 2000 532 paulo
2033 473 2196 518 certius
2228 473 2427 518 iudicare
2457 473 2615 519 licebit

452 549 509 593 de
543 549 744 593 versibus
779 549 942 606 quibus
975 549 1091 593 hanc
1123 548 1382 608 disputandi
1414 549 1642 592 materiam
1676 554 1907 607 acceptam
1938 549 2134 593 ferimus.

1003 626 1059 667 55
1228 622 1316 667 τόδ’
1347 619 1460 679 ἄγγος
1491 622 1590 680 τῷδ’
1620 624 1821 679 ἐφεδρεῦον
1851 623 1954 681 κοίρᾳ

1110 700 1283 753 φέρουσα
1315 696 1440 755 πηγᾶς
1472 697 1664 756 ποταμίας
1694 699 1952 755 μετέρχομαι,

1113 772 1156 816 ου’
1187 773 1241 830 δή
1271 792 1309 816 τι
1339 772 1478 829 χρείας
1510 774 1559 827 εἰς
1590 772 1750 817 τοσόνδ’
1779 772 1971 832 α’φιγμένη

1112 847 1204 893 ἄλλ’
1236 847 1284 901 αἷς
1314 842 1424 904 ὕβριν
1456 849 1637 906 δείξωμεν
1668 846 1865 906 Αἰγίσθου
1894 851 2002 902 θεοῖς

1113 923 1223 979 γόους
1255 922 1294 966 τ’
1325 924 1464 981 α’φείην
1498 924 1628 980 αἰθέρ’
1660 924 1709 977 εἰς
1740 924 1857 982 μέγαν
1887 923 2023 980 πατρί.

453 999 589 1054 Quod
628 999 745 1043 enim
776 998 958 1042 Electra
995 999 1229 1056 profitetur
1267 1015 1315 1043 se
1349 1006 1451 1043 ante
1483 1001 1626 1044 lucem
1658 1015 1772 1043 urna
1813 1000 1949 1058 capiti
1988 1000 2198 1057 imposita
2237 1005 2448 1056 aquatum
2489 1000 2611 1043 exire

450 1089 541 1117 non
587 1081 680 1117 tam
724 1075 991 1117 necessitate
1032 1074 1234 1117 adactam
1279 1075 1360 1118 sed
1403 1080 1453 1117 ut
1493 1075 1704 1133 Aegisthi
1742 1075 2055 1118 contumeliam
2094 1075 2176 1118 diis
2214 1075 2361 1131 palam
2398 1075 2533 1118 faciat
2564 1081 2609 1118 et

449 1149 566 1207 patri
604 1148 964 1192 lamentationem
1002 1149 1176 1192 mittere
1215 1149 1360 1206 possit
1398 1150 1443 1192 in
1483 1149 1685 1204 aethera,
1727 1150 1814 1193 hoc
1853 1150 2016 1208 duplex
2056 1149 2289 1193 consilium
2326 1144 2514 1207 duplici⁸
2533 1164 2609 1192 ex-

451 1230 605 1268 secuta
644 1239 741 1268 esse
780 1222 949 1280 μονῳδία
988 1223 1184 1277 videtur3
1224 1221 1335 1279 γόους
1374 1230 1493 1268 certe
1532 1225 1649 1282 patri
1682 1240 1795 1282 quos
1828 1225 1970 1269 voluit
2001 1225 2230 1269 verissime
2262 1225 2308 1268 in
2341 1224 2478 1268 altera
2511 1239 2608 1268 car-

448 1299 581 1343 minis
614 1304 740 1357 parte
776 1299 971 1352 sustulit,
1004 1299 1050 1342 in
1084 1314 1172 1355 qua
1205 1314 1252 1343 se
1285 1299 1371 1343 hoc
1399 1314 1531 1358 agere
1555 1315 1762 1358 expresse
1785 1299 1894 1343 dicit
1917 1301 1979 1356 (v.
2008 1301 2211 1358 140sq.);
2235 1300 2423 1344 alterum
2445 1304 2611 1354 autem,

448 1373 569 1431 quod
603 1389 650 1417 se
683 1373 916 1416 instituere
948 1374 1171 1430 praedixit
1203 1374 1352 1417 verbis
1392 1372 1440 1426 αἷς
1470 1368 1578 1429 ὕβριν
1616 1374 1801 1431 δείξωμεν
1832 1374 2030 1430 Αἰγίσθου
2060 1377 2186 1429 θεοῖς,
2227 1375 2314 1418 etsi
2345 1389 2399 1418 ea
2429 1390 2478 1418 re
2511 1374 2609 1418 sola

449 1449 639 1493 efficitur
672 1448 793 1505 quod
827 1464 928 1492 cum
960 1449 1047 1493 hoc
1079 1448 1236 1493 habitu
1269 1450 1313 1493 in
1346 1450 1574 1507 publicum
1607 1450 1906 1509 progreditur,
1936 1450 1989 1494 fit
2021 1450 2138 1494 enim
2169 1449 2233 1493 ita
2263 1456 2315 1493 ut
2346 1464 2462 1507 quae
2484 1448 2609 1493 domi

448 1523 667 1568 abscondi
699 1523 891 1567 debebat
925 1524 1154 1568 calamitas
1187 1524 1446 1568 indecenter
1477 1525 1523 1568 in
1554 1525 1699 1569 lucem
1726 1525 2028 1583 protrahatur,
2059 1531 2209 1569 tamen
2231 1525 2398 1583 primae
2419 1523 2610 1581 μονῳδίας

450 1598 566 1644 hanc
587 1599 676 1643 vim
711 1614 808 1644 esse
830 1596 1024 1644 vidimus
1046 1604 1098 1644 ut
1119 1598 1302 1644 Electra
1323 1599 1453 1658 quasi
1475 1600 1764 1660 interpretem
1785 1600 1919 1645 huius
1942 1599 2285 1645 commiserandi
2306 1600 2353 1644 in
2374 1598 2493 1659 regis
2515 1598 2608 1643 filia

449 1675 628 1719 habitus
663 1680 768 1732 agat
800 1690 987 1733 eamque
1021 1690 1155 1732 quam
1186 1675 1272 1720 diis
1305 1675 1502 1720 ostendit
1524 1677 1656 1720 simul
1678 1676 1827 1721 verbis
1851 1683 2029 1721 enarret
2049 1676 2259 1734 Aegisthi
2281 1675 2610 1731 contumeliam,

450 1764 564 1806 quae
599 1763 725 1792 suam
758 1750 996 1807 fratrisque
1029 1750 1250 1794 miseriam
1282 1757 1388 1808 post
1409 1757 1687 1809 peremptum
1710 1757 1883 1809 patrem
1905 1751 2220 1808 designaverit.
2276 1750 2403 1805 Quae
2427 1751 2463 1793 si
2485 1756 2608 1793 recte

448 1824 757 1882 intelligimus,
790 1825 957 1882 duplex
989 1824 1177 1881 μονῳδίας
1209 1832 1368 1868 natura
1398 1826 1531 1868 fidem
1563 1827 1684 1881 facit,
1715 1827 1791 1868 illa
1821 1841 1936 1883 quae
1968 1826 2077 1868 dicit
2097 1826 2279 1868 Electra
2309 1823 2358 1876 αἷς
2388 1819 2496 1880 ὕβριν
2527 1822 2607 1866 δεί-

448 1906 572 1955 ξωμεν
605 1898 804 1955 Αἰγίσθου
835 1901 941 1951 θεοῖς
972 1899 1082 1954 γόους
1113 1898 1153 1942 τ’
1185 1897 1323 1956 α’φείην
1355 1899 1486 1955 αἰθέρ’
1524 1900 1573 1952 εἰς
1612 1899 1729 1957 μέγαν
1768 1897 1895 1955 πατρί
1929 1900 2018 1944 duo
2056 1915 2155 1945 esse
2196 1906 2240 1944 et
2278 1905 2381 1957 apte
2423 1899 2607 1958 copula-

448 1974 571 2018 tione
604 1975 728 2032 iungi
759 1990 904 2032 neque
936 1974 1068 2019 nobis
1098 1975 1232 2019 licere
1265 1991 1318 2018 ea
1349 1975 1600 2034 discerpere
1632 1982 1709 2020 aut
1739 1991 1876 2019 unum
1911 1991 1966 2019 ex
1992 1974 2166 2019 duobus
2189 1974 2362 2019 efficere
2384 1974 2439 2019 iis
2460 1973 2610 2018 modis

449 2065 565 2107 quos
599 2066 625 2093 a
664 2049 828 2094 criticis
861 2050 996 2094 initos
1037 2066 1136 2094 esse
1175 2066 1312 2108 supra
1349 2050 1621 2109 scripsimus.
1685 2051 1847 2108 Itaque
1884 2050 2002 2095 redit
2039 2049 2343 2094 controversia
2379 2049 2437 2093 ad
2473 2064 2606 2093 unam

448 2125 638 2183 optativi
670 2125 860 2169 formam
891 2121 1028 2182 ἐφείην
1061 2140 1162 2170 cum
1194 2125 1480 2170 coniunctivo
1513 2123 1694 2183 δείξωμεν
1726 2126 1772 2169 in
1804 2125 2085 2185 comparibus
2119 2124 2360 2169 enuntiatis
2393 2124 2609 2169 coniunc-

447 2208 562 2255 tam,
606 2201 703 2245 sine
741 2215 831 2258 qua
868 2200 1048 2245 credere
1079 2201 1155 2245 vix
1194 2201 1342 2259 possis
1385 2200 1631 2259 simplicem
1663 2200 1914 2260 explicandi
1952 2201 2070 2245 viam
2107 2216 2134 2244 a
2170 2200 2316 2244 doctis
2348 2199 2606 2244 derelictam

449 2290 571 2329 esse3
620 2281 663 2320 et
707 2276 867 2319 ceteris
906 2275 1086 2333 quidem
1124 2290 1238 2333 quae
1276 2276 1421 2319 moliti
1461 2283 1566 2320 sunt
1602 2282 1850 2334 praestaret
1888 2291 2103 2334 reponere
2145 2290 2279 2333 quam
2317 2276 2425 2318 olim
2462 2275 2606 2318 suasit

449 2351 719 2396 Schaeferus
761 2351 948 2395 formam
988 2351 1260 2395 coniunctivi
1298 2351 1482 2408 ἅφῶμεν;
1528 2367 1619 2409 qua
1656 2357 1838 2410 recepta
1872 2351 1984 2395 nihil
2021 2357 2142 2394 certe
2183 2356 2260 2394 aut
2295 2365 2387 2393 non
2416 2349 2605 2393 multum

450 2425 507 2470 de
536 2427 784 2470 sententiae
807 2427 851 2469 vi
874 2439 927 2469 ac
949 2426 1120 2469 ratione
1152 2425 1474 2470 detraheretur.
1529 2425 1623 2471 Sed
1644 2440 1730 2471 nec
1752 2426 2001 2470 verisimilis
2024 2426 2225 2483 opinatio
2247 2431 2318 2469 est
2337 2438 2427 2482 qua
2447 2422 2608 2481 σίῲῶμεν

449 2506 634 2559 putatur
655 2500 823 2544 librarii
845 2515 991 2545 errore
1014 2501 1176 2545 abiisse
1199 2502 1245 2544 in
1268 2500 1389 2557 ἀφίην
1412 2501 1455 2544 h.
1481 2517 1517 2545 e.
1542 2499 1695 2557 ἀφείην,
1727 2516 1809 2545 nec
1831 2501 1960 2544 nimis
1984 2507 2173 2544 venusta
2193 2506 2265 2544 est
2286 2501 2373 2544 ista
2392 2498 2608 2543 coniunc—

448 2577 643 2620 tivorum
676 2576 917 2636 geminatio
948 2574 1132 2634 δείξωμεν
1155 2604 1211 2610 -
1234 2577 1408 2633 ἀφῶμεν,
1442 2582 1493 2620 ut
1525 2577 1781 2621 coniectura
1811 2576 2034 2620 invectam
2064 2575 2287 2633 patienter
2312 2575 2444 2619 feras.
2500 2572 2606 2630 Quo

449 2652 592 2710 magis
632 2650 922 2695 adnitendum
961 2657 1031 2696 est
1067 2658 1119 2695 ut
1149 2652 1399 2709 optativum
1430 2652 1578 2709 ipsum
1610 2652 1648 2695 si
1679 2652 1776 2695 fieri
1807 2651 1952 2709 possit
1983 2666 2009 2694 a
2041 2650 2296 2708 suspicione
2328 2650 2429 2694 falsi
2459 2646 2606 2693 vindi-

451 2742 618 2772 cemus.
681 2727 736 2771 In
770 2742 822 2770 eo
850 2742 972 2782 vero,
1004 2732 1055 2770 ut
1086 2727 1315 2771 mittamus
1348 2740 1425 2771 eos
1457 2727 1535 2783 qui
1567 2725 1717 2770 nescio
1755 2740 1889 2783 quam
1921 2725 2106 2784 optandi
2138 2725 2507 2783 significationem
2537 2723 2607 2766 in-

448 2818 549 2847 esse
581 2804 841 2860 opinantur,
880 2819 936 2846 ne
967 2803 1195 2861 Reisigius
1228 2802 1407 2858 quidem
1440 2807 1518 2845 aut
1548 2801 1858 2856 Hermannus,
1896 2802 2098 2858 quamvis
2128 2801 2328 2860 proxime
2361 2799 2608 2844 accessisse

447 2877 506 2921 ad
538 2893 693 2921 verum
723 2877 973 2933 videantur,
1005 2878 1135 2922 nobis
1168 2877 1289 2920 omni
1320 2893 1375 2920 ex
1407 2883 1534 2935 parte
1567 2877 1859 2921 satisfaciunt.
1912 2877 1975 2921 Et
1995 2876 2224 2936 Reisigius
2247 2875 2444 2933 quidem,
2475 2874 2605 2919 cuius

448 2952 598 3010 ampla
636 2958 706 2996 est
742 2951 986 3010 disputatio
1026 2953 1073 2995 in
1112 2953 1562 2996 commentationibus
1600 2952 1766 2996 criticis
1806 2952 1861 2995 de
1901 2951 2142 3010 Sophoclis
2180 2950 2360 3009 Oedipo
2399 2948 2606 2993 Coloneo

448 3044 492 3086 p.
519 3028 606 3070 165
618 3042 738 3084 sqq.,
788 3042 887 3070 cum
918 3027 965 3070 in
1003 3027 1125 3070 finali
1163 3043 1328 3085 genere
1366 3027 1582 3071 orationis
1621 3027 1867 3085 optativum
1907 3027 2078 3071 scribat
2113 3024 2312 3071 ‘consilia
2350 3024 2604 3084 significare

448 3118 565 3161 quae
599 3118 654 3147 ex
686 3102 962 3162 cogitatione
993 3102 1220 3160 pendeant
1253 3102 1422 3159 aliena’,
1454 3108 1603 3146 tamen
1635 3109 1773 3161 negat
1803 3103 1891 3147 hoc
1922 3103 1970 3146 in
1996 3117 2176 3146 versum
2196 3101 2406 3145 Electrae
2427 3099 2606 3154 cadere,

448 3194 582 3236 quem
615 3179 841 3238 corrigere
875 3180 1151 3223 correctione
1182 3180 1362 3223 minime
1393 3179 1615 3238 probabili
1647 3180 1804 3222 maluit
1825 3192 1960 3236 quam
1993 3193 2049 3221 ex
2077 3177 2156 3221 illa
2180 3177 2353 3220 ratione
2383 3176 2604 3234 interpre-

447 3256 545 3298 tari.
609 3254 897 3299 Hermannus
930 3260 1078 3299 autem
1111 3254 1192 3313 (ad
1225 3254 1466 3314 Sophoclis
1497 3254 1706 3298 Electrae
1737 3270 1779 3298 v.
1805 3257 1884 3312 57)
1917 3260 2037 3298 recte
2073 3253 2148 3298 ille
2177 3251 2358 3309 quidem
2385 3250 2609 3296 iudicavit
