3096 3800
766 933 1429 999 VNIVERSITATIS
1469 935 2059 1000 LITTERARIAE

1002 1072 1403 1124 FRmEfflcAE
1441 1072 1825 1125 GVILELMAE

584 1201 1196 1290 RECTOR
1276 1204 1462 1290 ΕΤ
1536 1202 2244 1291 SENATVS.

344 1470 429 1564 In
465 1514 696 1575 Euripidis
734 1514 917 1569 Electra
934 1520 936 1522 ’
951 1520 1191 1573 postquam
1231 1516 1422 1561 rusticus
1458 1515 1732 1575 Mycenaeus
1770 1516 1979 1561 Electrae
2022 1516 2207 1561 maritus
2247 1514 2487 1572 προλογίζων

343 1606 466 1636 more
487 1588 734 1648 Euripideo
766 1593 813 1634 et
842 1604 957 1647 quae
989 1596 1093 1634 ante
1125 1596 1253 1649 gesta
1282 1597 1388 1635 sunt
1418 1597 1464 1635 et
1495 1592 1573 1649 qui
1603 1606 1722 1636 nunc
1754 1592 1812 1635 sit
1831 1591 2039 1635 Electrae
2071 1598 2216 1636 status
2250 1597 2487 1636 exsecutus

343 1672 433 1723 est,
474 1666 574 1724 ipsa
602 1664 754 1724 prodit
784 1679 936 1709 servae
967 1665 1109 1709 instar
1144 1666 1191 1709 in
1222 1666 1369 1724 capite
1405 1681 1563 1710 urnam
1600 1673 1784 1725 gestans
1821 1672 1925 1711 ante
1962 1667 2107 1712 lucem
2144 1673 2287 1711 ortam
2325 1681 2488 1723 aquam

341 1757 399 1786 ex
428 1742 681 1799 propinquo
714 1740 893 1784 flumine
925 1740 1131 1798 petitura.
1192 1740 1352 1798 Itaque
1383 1748 1563 1785 noctem
1594 1742 1790 1801 appellat
1819 1743 1890 1786 his
1922 1742 2140 1786 versibus.

958 1810 989 1858 ὦ
1020 1812 1084 1871 νὺξ
1115 1815 1290 1873 μέλαινα,
1321 1816 1498 1871 χρυσέων
1529 1812 1679 1872 ἄστρων
1708 1817 1844 1872 τροφέ,

843 1893 901 1935 55
964 1892 999 1934 ἐν
1030 1884 1056 1950 ᾗ
1087 1889 1178 1934 τόδ’
1209 1886 1323 1948 ἄγγος
1354 1891 1449 1949 τῷδ’
1481 1893 1682 1947 ἐφεδρεῦον
1713 1892 1815 1949 κοίρᾳ

958 1966 1133 2021 φέρουσα
1162 1963 1290 2023 πηγάς
1322 1963 1514 2025 ποταμίας
1545 1968 1800 2025 μετέρχομαι,

957 2040 1002 2084 οὐ
1032 2040 1085 2097 δή
1113 2059 1153 2084 τι
1181 2042 1319 2097 χρείας
1350 2042 1400 2094 εἰς
1430 2042 1584 2086 τοσόνδ’
1617 2040 1821 2100 ἀφιγμένη,

957 2114 1051 2161 ἀλλ’
1081 2113 1129 2168 ὥς
1159 2109 1268 2173 ὕβριν
1298 2116 1482 2176 δείξωμεν
1512 2118 1711 2175 Αἰγίσθου
1741 2120 1847 2170 θεοῖς

955 2189 1067 2247 γόους
1098 2189 1133 2233 τ’
1161 2189 1281 2249 ἆφίην
1311 2191 1444 2248 αἰθέρ’
1474 2193 1523 2244 εἰς
1555 2194 1672 2250 μέγαν
1704 2193 1838 2248 πατρί.

841 2267 900 2309 60
961 2263 989 2321 η’
1015 2262 1090 2321 γὰρ
1123 2264 1304 2323 πανώλης
1334 2267 1541 2322 Τυνδαρίς,
1573 2267 1705 2325 μήτηρ
1737 2266 1827 2325 ἐμή,

958 2338 1126 2396 ἐξέβαλέ
1151 2337 1192 2397 μ’
1222 2339 1332 2385 οἴκων
1361 2341 1512 2398 χάριτα
1543 2343 1726 2400 τιθεμένη
1757 2342 1887 2386 πόσει·

957 2416 1122 2460 τεκοῦσα
1154 2412 1194 2458 δ’
1225 2410 1370 2468 ἄλλους
1403 2418 1546 2469 παῖδας
1577 2415 1761 2473 Αἰγίσθῳ
1792 2413 1900 2472 ποίρα

960 2487 1110 2548 ποίρεργ
1151 2490 1339 2549 Ὀρέστην
1370 2487 1471 2549 κᾶμὶ
1501 2493 1666 2536 ποιεῖται
1697 2491 1836 2550 δόμων.

344 2570 495 2614 Versu
517 2570 574 2613 59
608 2566 725 2624 α’φίην
757 2573 986 2612 exaratum
1018 2573 1088 2613 est
1118 2568 1164 2611 in
1197 2567 1351 2612 codice
1382 2584 1439 2611 ex
1470 2583 1558 2625 quo
1589 2567 1705 2611 hanc
1725 2568 1922 2612 fabulam
1943 2567 2198 2621 ediderunt;
2230 2568 2354 2624 quod
2376 2583 2489 2625 quo·

342 2646 464 2690 niam
495 2645 643 2703 ipsum
674 2643 800 2688 nihili
830 2649 920 2698 est,
961 2642 1064 2688 inde
1095 2648 1147 2687 ut
1176 2642 1449 2701 probabilem
1480 2642 1667 2687 formam
1697 2649 2024 2701 recuperarent,
2056 2643 2140 2687 viri
2175 2642 2298 2687 docti
2334 2643 2382 2687 in
2420 2642 2488 2687 di-

342 2735 499 2765 versas
530 2724 683 2777 partes
716 2718 1029 2774 discesserunt,
1062 2733 1162 2762 cum
1195 2715 1345 2774 αἶφείην,
1377 2717 1452 2762 alii
1482 2715 1620 2774 ἐφίημ’
1651 2733 1677 2762 a
1706 2723 1842 2776 poeta
1874 2718 2092 2776 scriptum
2123 2718 2262 2763 fuisse
2295 2718 2489 2763 coniice-

342 2801 458 2840 rent.
523 2793 726 2849 Quorum
758 2793 805 2837 hi
837 2794 914 2851 qui
944 2791 1090 2849 ἀφίημ’
1118 2792 1288 2837 Ioanne
1318 2792 1485 2838 Iacobo
1516 2791 1698 2837 Reiskio
1731 2799 1913 2837 auctore
1945 2793 2111 2848 fovent,
2143 2792 2360 2850 reliquam
2391 2809 2490 2838 ora-

345 2871 512 2915 tionem
542 2869 606 2912 ita
627 2868 886 2928 expediunt,
916 2874 967 2912 ut
988 2883 1143 2912 versus
1165 2866 1255 2911 duo
1278 2869 1335 2911 57
1359 2874 1404 2912 et
1426 2869 1482 2912 58
1515 2866 1559 2911 ου’
1589 2865 1645 2924 δή
1671 2884 1711 2911 τι
1740 2864 1877 2923 χρείας
1908 2867 1957 2920 εἰς
1989 2866 2145 2911 τοσόνδ’
2175 2865 2367 2926 οἷφιγμένη
2399 2866 2493 2913 ἀλλ’

344 2943 395 2998 ὥς
425 2937 533 3000 ὔβριν
564 2940 965 3001 δείξωμεν-Αἰγίσθου
995 2945 1102 2995 θεοῖς
1132 2943 1387 2987 interiectae
1419 2943 1664 2987 sententiae
1694 2943 1794 2985 loco
1827 2950 2083 3002 segregent,
2115 2951 2193 2986 aut
2213 2944 2397 2988 fortiore
2424 2960 2492 2988 re-

344 3021 492 3065 medio
514 3021 584 3064 usi
604 3026 658 3064 ut
678 3019 911 3063 Nauckius
933 3019 1110 3064 eosdem
1131 3034 1287 3063 versus
1307 3025 1533 3075 tamquam
1552 3018 1770 3062 insiticios
1793 3018 1986 3075 deleant,
2017 3025 2208 3077 utroque
2235 3020 2369 3063 modo
2398 3020 2493 3064 effi-

343 3096 515 3140 cientes
531 3102 583 3140 ut
598 3095 736 3139 verba
752 3091 879 3152 πηγοίς
899 3093 1093 3153 ποταμίας
1114 3095 1355 3153 μετέρχομαι
1372 3096 1472 3153 (56)
1491 3100 1535 3138 et
1549 3091 1659 3150 γόους
1678 3092 1713 3137 τ’
1734 3090 1875 3151 ἐφίημ’
1895 3092 2023 3151 αἰθέρ’
2043 3095 2094 3149 εἰς
2111 3096 2229 3153 μέγαν
2251 3094 2378 3151 πατρί
2390 3097 2492 3154 (59)

345 3172 460 3215 inter
491 3186 540 3215 se
573 3171 853 3229 copulentur,
886 3186 1001 3228 quae
1032 3171 1253 3215 sententia
1283 3176 1407 3214 vetat
1437 3169 1532 3227 pari
1563 3169 1670 3226 iugo
1702 3170 1934 3229 coniugari
1964 3179 2206 3229 propterea
2230 3170 2353 3229 quod
2385 3171 2496 3215 alte-

343 3263 442 3291 rum
475 3246 583 3305 quid
614 3252 739 3306 agat,
780 3246 966 3291 alterum
998 3245 1106 3303 quid
1137 3251 1296 3290 *actura
1333 3246 1392 3289 sit
1421 3244 1605 3288 Electra
1637 3244 1857 3306 designat.
1924 3245 2015 3302 Qui
2055 3247 2239 3291 alteram
2271 3247 2388 3291 viam
2425 3247 2496 3290 in-

2158 3323 2217 3372 1.
