3096 3800
1626 187 1659 232 4

561 319 708 379 gressi
739 317 878 376 α’φείην
911 319 968 364 ab
989 319 1182 363 Aemilio
1203 319 1343 363 Porto
1376 319 1658 377 propositum
1688 325 1851 378 poetae
1881 318 2006 364 reddi
2036 319 2206 376 iubent,
2237 319 2361 364 vario
2392 319 2719 378 interpretandi

562 394 698 438 modo
732 400 892 437 cavent
922 395 968 437 in
1000 394 1086 437 hac
1119 394 1322 437 oratione
1353 390 1481 450 πηγαῖς
1513 393 1709 451 ποταμίας
1739 393 1983 452 μετέρχομαι
2010 427 2021 438 .
2039 425 2050 436 .
2082 391 2132 453 ὥς
2160 386 2270 449 ὕβριν
2290 390 2473 452 δείξωμεν
2493 393 2583 451 Αἶγ.
2615 396 2724 446 θεοῖς

560 468 671 525 γόους
702 465 742 510 τ’
773 466 909 526 α’φείην
941 466 1073 524 αἰθέρ’
1103 468 1153 521 εἰς
1185 468 1304 526 μέγαν
1335 470 1462 524 πατρί
1486 484 1542 513 ne
1574 469 1764 527 optativi
1794 469 1936 514 forma
1966 483 2068 513 cum
2089 468 2370 513 coniunctivo
2401 468 2553 514 iuncta
2583 474 2629 514 et
2660 469 2721 514 ab

565 543 722 601 eodem
755 559 856 588 cum
888 544 1175 588 coniunctivo
1202 544 1340 588 verbo
1372 559 1591 602 suspensa
1620 544 1844 602 legentem
1877 544 2095 598 offendat3
2127 543 2362 602 Adolphus
2384 550 2534 588 autem
2554 543 2722 588 Kirch-

564 618 744 673 hoffius,
777 619 952 677 collega
983 625 1151 674 noster,
1192 634 1293 662 cum
1325 619 1555 677 Euripidis
1586 618 1832 676 tragoediis
1863 620 2023 663 iterum
2057 619 2189 664 editis
2222 635 2261 663 a.
2282 630 2581 663 MDCCCvan
2610 619 2719 663 item

564 692 704 749 ἐφείην
736 694 957 752 reciperet
988 693 1071 738 hos
1103 700 1195 738 tres
1230 709 1386 738 versus
2778 686 2779 689 Ἴ

1055 770 1112 811 57
1177 768 1220 812 ov'
1251 769 1305 825 δή
1334 786 1373 811 τι
1403 767 1540 823 χρείας
1572 769 1622 820 εἰς
1654 768 1810 811 τοσόνδ’
1840 767 2045 826 α’φιγμένη,

1176 842 1270 888 ἄλλ’
1300 841 1347 896 αἷς
1379 836 1486 898 ὕβριν
1518 840 1701 900 δείξωμεν
1731 842 1929 899 Αἰγίσθου
1959 846 2066 896 θεοῖς

1174 917 1284 974 γόους
1314 918 1355 961 τ’
1385 916 1522 975 α’ῲείην
1554 917 1685 974 αἰθέρ’
1715 918 1765 970 εἰς
1796 917 1914 976 μέγαν
1943 918 2071 973 πατρί

565 995 623 1037 ab
656 993 887 1051 Euripidis
920 994 1121 1037 oratione
1154 995 1356 1038 seclusos
1388 994 1435 1036 in
1466 994 1555 1036 imo
1588 993 1787 1051 margine
1820 993 2080 1050 adscripsit;
2129 994 2204 1050 qui
2235 1008 2392 1038 versus
2430 994 2720 1050 quemadmo-

566 1069 673 1111 dum
705 1069 793 1125 ipsi
824 1069 1046 1125 integram
1079 1069 1290 1111 exhibent
1320 1069 1600 1122 sententiam,
1632 1069 1697 1110 ita
1723 1068 1778 1110 iis
1810 1068 1986 1111 omissis
2009 1083 2125 1124 quae
2158 1073 2331 1112 restant
2360 1068 2407 1110 in
2438 1068 2719 1125 probabilem

567 1143 814 1187 orationem
854 1148 1031 1186 coeunt.
1098 1140 1201 1198 Qua
1237 1143 1282 1186 in
1323 1158 1370 1186 re
1412 1157 1525 1199 quas
1565 1142 1849 1200 potissimum
1886 1142 2082 1187 rationes
2124 1142 2193 1186 vir
2233 1142 2393 1187 doctus
2434 1147 2613 1187 secutus
2645 1143 2722 1196 sit,

567 1218 777 1275 quoniam
817 1232 908 1261 non
948 1232 1071 1260 mera
1103 1217 1292 1275 optativi
1330 1217 1570 1261 insolentia
1610 1217 1772 1261 ductus
1804 1216 2000 1272 videtur,
2046 1217 2162 1260 infra
2193 1216 2435 1274 quaerendi
2464 1216 2589 1261 locus
2623 1217 2718 1260 erit.

562 1293 752 1336 Interim
784 1297 958 1336 tantum
992 1291 1197 1347 dicimus,
1229 1291 1352 1349 quod
1383 1292 1488 1336 huic
1518 1292 1726 1336 Electrae
1757 1288 1867 1348 ῥήσει
1899 1307 1924 1335 e
1956 1291 2110 1336 decem
2141 1292 2342 1336 versibus
2374 1290 2464 1336 duo
2491 1292 2564 1336 vel
2596 1291 2721 1349 quod

566 1373 686 1411 certe
726 1366 1040 1424 praestabilius
1082 1373 1177 1411 erat
1215 1372 1309 1411 tres
1348 1381 1503 1410 versus
1537 1366 1803 1411 emendandi
1836 1381 1971 1411 causa
2001 1366 2316 1424 surripiuntur,
2364 1381 2455 1411 non
2498 1367 2607 1412 satis
2647 1373 2720 1411 tu-

564 1449 660 1487 tum
703 1441 847 1486 videri
888 1442 1117 1501 reputanti
1159 1441 1360 1487 eiusdem
1396 1442 1606 1486 Electrae
1644 1439 1755 1500 ρῆσιν
1795 1457 1911 1500 quae
1952 1441 2151 1500 proxime
2189 1441 2440 1501 insequitur
2480 1443 2720 1501 (67—76)

563 1518 720 1562 itidem
761 1517 915 1562 decem
947 1517 1152 1567 versibus
1194 1517 1415 1561 concludi.
1497 1516 1634 1574 Quod
1671 1532 1779 1562 casu
1816 1516 2034 1562 accidisse
2079 1531 2170 1561 non
2199 1517 2327 1562 facile
2359 1516 2513 1562 credet
2543 1517 2621 1575 qui
2651 1517 2721 1562 in-

563 1593 727 1652 telligit
757 1593 1043 1652 Euripidem,
1082 1599 1134 1637 ut
1166 1599 1262 1636 erat
1293 1594 1349 1637 ab
1382 1593 1647 1637 artificiosae
1680 1592 1995 1637 concinnitatis
2027 1591 2178 1637 studio
2210 1592 2389 1637 minime
2419 1592 2617 1649 alienus,
2655 1592 2720 1637 ita

565 1669 611 1713 in
643 1668 729 1712 hac
760 1668 993 1727 tragoedia
1025 1668 1202 1726 saepius
1235 1667 1459 1712 orationes
1492 1667 1709 1712 sermonis
1740 1667 2049 1712 vicissitudine
2080 1667 2361 1715 consociatas
2394 1681 2604 1712 versuum
2635 1682 2717 1711 nu-

565 1758 685 1787 mero
718 1758 1012 1800 exaequasse,
1050 1743 1174 1786 velut
1204 1744 1459 1786 408—419
1492 1748 1538 1786 et
1568 1743 1840 1796 420—4313
1881 1743 2129 1786 487—502
2163 1747 2210 1786 et
2242 1743 2518 1796 508—5233
2562 1743 2717 1786 880-

566 1820 654 1862 889
689 1824 734 1861 et
767 1819 1042 1871 890-8993
1090 1817 1171 1861 sed
1202 1818 1392 1865 maxime
1424 1817 1716 1875 conspicuum
1755 1817 1843 1860 hoc
1884 1831 2026 1875 genus
2058 1822 2128 1861 est
2165 1817 2212 1859 in
2249 1817 2524 1861 orationibus
2557 1817 2720 1873 quibus

567 1891 932 1950 Clytaemnestra
972 1897 1017 1935 et
1046 1892 1228 1935 Electra
1263 1892 1382 1935 inter
1419 1905 1465 1934 se
1498 1891 1820 1950 digladiantur,
1860 1905 2048 1947 quarum
2085 1896 2275 1949 utraque
2313 1890 2717 1950 quadragenarium

564 1982 797 2010 numerum
830 1967 978 2025 explet
1017 1967 1354 2023 (1011—1050
1386 1972 1431 2009 et
1465 1967 1821 2024 1060—1099);
1863 1971 1908 2009 et
1939 1965 2027 2009 hoc
2065 1966 2351 2010 memorabile
2390 1966 2720 2024 aequabilitatis

566 2042 818 2099 exemplum
849 2057 940 2085 non
970 2042 1087 2100 fugit
1116 2041 1363 2084 Henricum
1394 2040 1623 2088 Weilium,
1642 2040 1722 2099 (ad
1753 2057 1794 2084 V.
1822 2042 2008 2097 1098s.)
2039 2041 2240 2098 inprimis
2272 2041 2428 2084 harum
2458 2056 2606 2085 rerum
2639 2055 2719 2085 cu-

563 2119 749 2171 riosum,
782 2118 857 2173 qui
880 2117 1041 2159 similia
1061 2130 1207 2173 pauca
1229 2131 1283 2158 ex
1313 2116 1411 2158 aliis
1443 2116 1689 2174 tragoediis
1722 2115 1780 2158 ad
1810 2115 2026 2159 Hecubae
2057 2131 2099 2158 v.
2127 2116 2242 2158 1236
2275 2115 2528 2174 adscripsit,
2560 2131 2714 2159 verum

561 2193 678 2250 fugit
710 2192 838 2245 alios,
868 2192 956 2234 nisi
985 2192 1098 2234 forte
1132 2192 1256 2234 casui
1287 2192 1539 2234 tribuerunt
1570 2190 1693 2247 quod
1723 2190 1911 2233 consilio
1942 2196 2121 2247 partum
2152 2191 2344 2246 videtur,
2385 2192 2459 2249 qui
2492 2206 2548 2234 ex
2580 2191 2723 2234 altera

562 2276 664 2311 utra
695 2267 854 2310 harum
887 2267 1088 2310 oratione
1121 2267 1291 2322 aliquot
1323 2266 1526 2309 versibus
1559 2266 1746 2310 sublatis
1785 2266 1902 2308 hanc
1932 2281 2216 2309 numerorum
2249 2267 2586 2325 congruentiam
2617 2281 2719 2310 sus-

563 2343 774 2387 tulerunt.
839 2340 933 2386 Sed
965 2340 1022 2385 de
1054 2341 1123 2385 his
1155 2341 1431 2385 orationibus
1465 2340 1683 2398 quidquid
1714 2341 1950 2395 iudicatur,
1989 2355 2105 2397 quae
2137 2356 2241 2385 suas
2274 2341 2491 2398 quasdam
2523 2341 2718 2385 difficul-

563 2424 680 2461 tates
713 2416 895 2471 habent,
928 2431 1040 2473 quas
1071 2431 1192 2460 nunc
1223 2431 1314 2460 non
1345 2416 1671 2473 persequimur,
1702 2422 1858 2460 nostro
1889 2415 1991 2459 loco
2023 2421 2198 2461 tantum
2220 2415 2378 2461 damus
2400 2423 2593 2474 aequato
2615 2432 2716 2460 ver·

565 2508 695 2538 suum
715 2507 918 2547 numero,
950 2497 1002 2536 ut
1023 2491 1077 2535 iis
1108 2492 1286 2536 facilius
1318 2491 1539 2535 calculum
1571 2491 1778 2538 addituri>
1798 2491 1951 2546 simus,
1989 2492 2066 2547 qui
2097 2491 2221 2535 nulla
2250 2496 2376 2549 parte
2408 2491 2590 2549 dempta
2621 2507 2719 2535 mu-

562 2567 703 2612 tando
735 2582 895 2612 versus
934 2565 992 2610 ad
1033 2566 1222 2624 probam
1254 2566 1501 2610 orationem
1532 2581 1741 2611 revocare
1774 2565 1979 2624 aggressi
2011 2571 2129 2610 sunt.
2193 2564 2331 2621 Quod
2363 2566 2440 2622 qui
2471 2582 2615 2624 nuper
2645 2581 2718 2611 as·

564 2641 693 2699 sequi
734 2640 1019 2697 studuerunt,
1069 2657 1125 2687 ex
1161 2640 1214 2686 iis
1246 2640 1440 2686 Weilius
1479 2640 1538 2685 ad
1568 2638 1708 2697 ἄφείην
1750 2639 1872 2698 quod
1911 2640 2094 2685 retinuit
2129 2646 2180 2685 ut
2215 2640 2431 2699 reliquam
2471 2641 2717 2687 orationem

563 2717 921 2761 accommodaret
952 2731 1053 2759 cum
1084 2718 1148 2760 ita
1179 2717 1357 2774 scripsit

1173 2788 1235 2833 Οὔ
1266 2788 1326 2846 δή
1351 2807 1408 2840 τι,
1439 2788 1578 2844 χρείας
1610 2790 1660 2842 εἰς
1691 2787 1845 2833 τοσόνδ’
1875 2787 2080 2846 α’φιγμένη,

1172 2857 1304 2916 ἄλλως
1335 2857 1443 2919 ὕβριν
1475 2863 1644 2922 δείξαιμ’
1674 2857 1718 2907 ἂν
1748 2861 1945 2920 Αἰγίσθου
1976 2866 2082 2915 asoa}

1171 2940 1281 2995 γόους
1312 2939 1353 2983 τ’
1383 2938 1523 2996 α’φείην
1555 2939 1686 2994 αἰθέρ’
1717 2939 1767 2992 εἰς
1798 2940 1916 2997 μέγαν
1947 2938 2082 2994 πατρί,

562 3034 768 3062 veremur
800 3033 856 3060 ne
887 3033 1051 3075 magno
1084 3016 1310 3060 molimine
1344 3016 1543 3061 effecerit
1574 3017 1696 3072 quod
1728 3023 1779 3059 ut
1809 3016 1999 3073 intelligi
2030 3017 2174 3073 possit
2206 3018 2540 3074 grammaticum
2567 3018 2718 3074 requi-

561 3100 632 3138 rat
652 3093 963 3152 interpretem;
986 3091 1108 3149 quod
1125 3108 1230 3136 vero
1248 3091 1489 3140 Udalricus
1513 3109 1539 3137 a
1559 3090 2199 3137 Wilamowitz-Moellendorff
2212 3092 2258 3135 in
2273 3091 2470 3137 Hermae
2487 3093 2576 3138 vol.
2592 3106 2717 3137 xvnx

562 3188 607 3228 p.
634 3170 720 3214 232
754 3169 1009 3228 proposuit,
1053 3169 1129 3225 qui
1163 3185 1189 3212 a
1220 3167 1392 3213 Reiskii
1431 3168 1640 3227 opinione
1679 3183 1808 3212 orsus
1845 3166 1987 3226 ἐφίημ’
2006 3168 2276 3212 stabiliendi
2304 3178 2450 3214 ‘causa
2487 3169 2636 3215 deleta
2670 3186 2715 3213 τε

558 3245 784 3303 particula
815 3245 933 3289 hanc
965 3244 1232 3289 sententiam
1265 3245 1498 3289 constituit
