3096 3800
1334 191 1392 238 11

289 323 347 369 ab
370 321 572 382 optativo
592 320 715 366 finali
742 318 1044 367 ‘dubitationis
1075 322 1133 367 de
1165 327 1328 367 eventu
1358 323 1534 368 consilii
1565 324 1949 383 significationem’
1980 326 2136 371 abesse
2168 340 2259 370 non
2290 341 2442 385 posse,

291 395 374 444 sed
412 396 532 441 idem
562 396 772 442 Electrae
808 397 1132 442 dubitationem
1164 386 1221 442 ex
1250 399 1506 456 praesentia
1536 400 1686 444 mariti
1720 400 1970 445 ducendam
2000 406 2123 446 ratus
2154 416 2267 458 quae
2297 417 2443 446 remo-

290 472 380 518 rari
411 471 744 530 exsequendum
774 472 1010 516 consilium
1039 473 1251 531 potuerit,
1282 487 1309 516 a
1338 488 1448 517 vera
1479 475 1701 518 sententia
1732 476 1966 519 aberravit.
2031 476 2133 520 Nos
2160 482 2341 534 poetam
2371 478 2441 535 ip-

290 563 391 594 sum
431 548 658 604 sequimur
694 547 852 608 ducem
892 548 1109 606 optimum
1147 547 1204 592 ad
1241 548 1374 593 huius
1407 549 1496 592 vim
1535 550 1720 607 optativi
1756 557 1877 595 recte
1915 550 2282 609 perspiciendam.
2347 551 2441 608 Qui

293 638 396 668 cum
432 622 660 667 Electram
704 621 886 666 inducat
920 623 1111 680 primum
1146 631 1387 682 properare
1423 628 1469 668 et
1506 623 1624 669 inter
1664 624 1858 670 eundum
1900 641 2078 681 canere,
2128 625 2233 670 dein
2268 631 2439 672 mutato

292 698 496 754 consilio,
527 697 634 755 quia
663 697 772 740 nihil
802 697 1074 755 prohiberet,
1107 698 1351 743 subsistere
1382 699 1608 757 paulisper
1637 701 1872 758 positaque
1904 699 2064 758 hydria
2093 715 2270 745 carmen
2302 701 2438 760 lugu-

290 773 372 819 bre
403 773 450 818 in
480 771 619 831 patris
651 771 865 817 honorem
895 771 1096 829 fundere,
1127 787 1282 818 rursus
1308 788 1365 818 ex
1396 772 1450 818 iis
1473 788 1586 832 quae
1608 774 1701 833 agit
1721 773 1903 818 Electra
1933 774 2183 834 intelligere
2214 775 2320 820 licet
2352 791 2441 834 qua

292 864 340 894 se
372 853 521 892 mente
552 847 663 892 haec
693 862 825 906 agere
857 847 970 892 velle
1000 848 1204 906 professa
1234 848 1306 893 sit.
1371 847 1486 893 Cum
1524 850 1642 894 enim
1686 849 1775 894 duo
1812 849 1957 894 facere
1989 849 2212 905 instituat,
2251 861 2438 908 quorum

291 923 480 968 alterum
510 937 750 982 progressa
781 922 827 966 in
858 923 1083 981 publicum
1113 923 1321 979 faciebat,
1353 924 1540 968 alterum
1562 926 1677 969 scire
1700 931 1803 968 ante
1825 939 1916 968 non
1948 931 2127 983 poterat
2157 940 2264 968 num
2294 926 2439 970 facere

291 999 379 1044 sibi
426 998 601 1053 liceret,
644 1013 697 1042 ea
734 997 792 1041 de
831 1011 965 1042 causa
1001 997 1173 1056 dispari
1212 998 1387 1043 dicendi
1426 999 1560 1044 modo
1599 1015 1683 1044 usa
1724 1000 1833 1044 haec
1870 999 1961 1044 duo
2000 999 2187 1043 consilia
2224 999 2349 1043 effert
2386 1008 2438 1045 ut

291 1076 357 1118 ita
386 1073 509 1118 dicat
540 1088 589 1118 se
622 1073 743 1117 exire
780 1078 989 1129 aquatum
1027 1089 1118 1117 non
1159 1079 1349 1132 cogente
1387 1075 1652 1118 necessitate
1684 1075 1765 1119 sed
1801 1081 1852 1118 ut
1886 1074 2092 1134 Aegisthi
2123 1076 2438 1119 contumeliam

283 1149 432 1208 palam
461 1149 599 1193 faciat
627 1147 714 1192 diis
748 1153 793 1191 et
823 1153 873 1191 ut
905 1148 943 1192 si
978 1147 1076 1191 fieri
1112 1149 1256 1206 possit
1291 1149 1409 1207 patri
1457 1149 1798 1194 lamentationes
1830 1150 2071 1193 matutinas
2103 1148 2281 1205 reddat,
2324 1165 2436 1207 quas

289 1239 375 1269 nec
405 1224 527 1268 domi
556 1222 743 1268 reddere
774 1223 841 1267 sic
871 1228 923 1266 ut
952 1223 1160 1281 cupiebat
1185 1238 1269 1268 nec
1288 1223 1397 1268 foris
1418 1224 1504 1269 nisi
1526 1225 1649 1269 nulla
1669 1240 1718 1269 re
1740 1224 2011 1282 impediente
2032 1231 2222 1283 poterat.
2289 1224 2437 1281 Quam

291 1301 382 1344 vim
411 1299 766 1344 condicionalem
790 1299 986 1356 ‘optativi
1016 1299 1062 1341 in
1094 1298 1182 1341 hoc
1213 1314 1376 1357 genere
1408 1300 1737 1344 enuntiatorum
1769 1315 1871 1344 cum
1902 1301 2008 1343 alibi
2040 1315 2283 1358 agnoscere
2314 1301 2437 1344 vide-

291 1390 391 1419 mur
420 1381 515 1418 tum
547 1373 666 1432 apud
696 1372 969 1430 Sophoclem
1000 1374 1046 1416 in
1077 1373 1279 1429 Electra,
1316 1374 1394 1417 ubi
1427 1389 1528 1418 cum
1565 1374 1677 1418 haec
1716 1376 1884 1433 scripta
1921 1375 2011 1419 sint
2046 1376 2093 1418 in
2131 1375 2285 1419 codice
2315 1377 2436 1419 Lau-

293 1450 498 1496 rentiano

934 1522 1007 1566 καί
1034 1541 1084 1566 νιν
1115 1525 1220 1582 πυρᾷ
1248 1524 1397 1577 κέαντες
1429 1522 1542 1576 2133139
1574 1525 1610 1567 ἐν
1640 1527 1792 1580 βραχεῖ’

934 1602 1085 1658 χαλκῷ
1113 1597 1292 1658 μέγιστον
1323 1603 1439 1659 σῶμα
1470 1597 1644 1652 δειλαίας
1675 1601 1826 1642 σποδοῦ

934 1676 1116 1730 φέρουσιν
1147 1670 1276 1732 ἄνδρες
1306 1677 1474 1719 Φωκέων
1503 1676 1726 1733 τεταγμένοι

797 1751 884 1792 760
945 1743 1048 1802 ’ὅπως
1079 1751 1261 1807 πατρῴας
1291 1751 1436 1808 τύμβον
1467 1749 1637 1804 ἔκλαῖχοι
1667 1750 1829 1804 χθονός,

290 1829 506 1872 falluntur
542 1827 620 1883 qui
652 1826 917 1870 sententiam
947 1825 1125 1870 finalem
1155 1818 1257 1878 ὅπως
1289 1859 1300 1870 .
1319 1859 1329 1870 .
1363 1825 1530 1881 ἐκλᾶχοι
1563 1842 1590 1869 a
1619 1825 1855 1883 participio
1886 1826 2105 1882 τεταγμένα
2136 1827 2232 1885 regi
2263 1828 2434 1883 volunt,

292 1902 416 1961 quod
444 1902 543 1945 fieri
572 1914 663 1944 non
693 1905 845 1958 potest
872 1900 983 1956 quia
1018 1894 1151 1955 ἄνδρες
1181 1901 1350 1944 Φωκέων
1381 1900 1602 1958 τεταγμένοι
1637 1915 1771 1943 unam
1811 1900 2036 1945 notionem
2077 1901 2274 1945 efficiunt
2311 1901 2435 1945 velut

292 1978 329 2022 οἶ
358 1976 579 2034 τεταγμένοι
609 1977 761 2032 βραβῆς
792 1990 833 2017 v.
860 1975 968 2028 7093
1015 1975 1281 2033 prudentius
1319 1977 1382 2019 illi
1423 1977 1499 2034 qui
1536 1976 1642 2033 quia
1672 1968 1774 2027 ὅπως
1811 1972 1901 2018 non
1932 1983 2082 2033 potest
2112 1977 2198 2020 nisi
2229 1991 2330 2020 cum
2361 1977 2434 2030 φέ-

290 2070 420 2110 ρουσιν
452 2052 661 2110 coniungi
693 2050 966 2094 coniunctivi
994 2050 1182 2095 formam
1212 2049 1371 2111 ἐκλάχῃ
1405 2067 1461 2095 ex
1480 2050 1751 2109 apographis
1773 2051 2071 2108 recipiendam
2093 2051 2274 2095 ducunt.
2341 2051 2433 2096 Sed

291 2129 379 2174 hoc
410 2127 532 2187 quod
564 2132 701 2185 agunt
730 2119 861 2182 ἄνδρες
890 2124 1059 2168 Φωκέων
1090 2123 1311 2185 τεταγμένα
1346 2133 1397 2170 ut
1433 2131 1671 2185 peragatur
1707 2141 1797 2169 non
1829 2126 2025 2183 ipsorum
2056 2127 2102 2169 in
2134 2126 2320 2170 consilio
2352 2127 2433 2170 sed

288 2205 336 2249 in
368 2204 555 2248 aliorum
592 2208 739 2246 mente
777 2208 822 2246 et
853 2203 1036 2246 arbitrio
1073 2203 1270 2260 positum
1305 2209 1395 2257 est,
1435 2202 1493 2245 ob
1525 2216 1712 2259 eamque
1748 2216 1926 2245 causam
1968 2202 2247 2247 subindicata
2278 2202 2433 2245 condi-

292 2281 419 2324 cione
450 2279 534 2322 viri
554 2277 813 2321 Phocenses
844 2277 902 2320 ad
933 2277 1019 2320 hoc
1049 2278 1174 2321 missi
1205 2292 1310 2320 ossa
1338 2277 1453 2320 ferre
1486 2276 1710 2330 dicuntur,
1740 2283 1790 2319 ut
1818 2277 1856 2319 si
1888 2276 2078 2320 dominis
2109 2277 2244 2321 libeat
2274 2278 2320 2320 in
2353 2293 2432 2334 pa·

289 2356 377 2399 tria
407 2361 530 2398 terra
560 2353 766 2410 componi
797 2352 985 2409 possint.
1047 2352 1147 2396 Nec
1178 2351 1452 2396 dissimiliter
1491 2352 1537 2394 in
1569 2351 1723 2395 eadem
1755 2350 1938 2394 Electra
1969 2351 2045 2407 qui
2076 2351 2238 2408 legitur
2268 2352 2432 2409 optati-

292 2445 376 2474 vus
410 2446 450 2472 v.
476 2430 532 2472 57
566 2427 775 2486 expedire
805 2425 951 2470 liceat.

500 2501 593 2547 Sed
624 2503 670 2545 in
701 2500 931 2558 Euripidis
962 2501 1145 2545 Electra
1171 2502 1208 2544 si
1233 2501 1347 2544 forte
1375 2501 1502 2544 nobis
1531 2501 1768 2558 contigerit
1798 2507 1849 2543 ut
1880 2500 2127 2557 optativum
2159 2500 2430 2558 disputando

289 2585 534 2633 tueremur,
580 2583 731 2622 tamen
767 2582 938 2621 restant
981 2577 1068 2621 alia
1104 2582 1149 2621 et
1186 2576 1375 2620 fortasse
1414 2575 1624 2634 graviora
1667 2589 1781 2632 quae
1820 2575 2011 2618 retinere
2058 2575 2344 2633 interpretem
2385 2580 2433 2619 et

290 2653 424 2699 modo
463 2653 654 2711 sopitam
695 2652 1016 2697 dubitationem
1056 2652 1270 2696 suscitare
1305 2651 1494 2710 possint.
1554 2650 1735 2694 Etenim
1774 2665 1888 2707 quae
1918 2650 2063 2694 tribus
2094 2650 2194 2694 istis
2225 2649 2430 2694 versibus

291 2731 429 2788 (57-
440 2729 521 2787 59)
555 2728 734 2772 Electra
763 2727 875 2771 dicit
909 2742 960 2771 se
991 2728 1258 2772 necessitate
1295 2725 1418 2770 nulla
1449 2726 1734 2770 constrictam
1773 2725 1854 2769 sed
1892 2725 1989 2769 aliis
2026 2730 2192 2768 motam
2229 2724 2431 2769 consiliis

290 2805 350 2850 ad
379 2803 667 2849 hauriendam
699 2817 860 2860 aquam
890 2817 1022 2847 mane
1051 2802 1172 2848 exire
1199 2816 1300 2847 cum
1321 2817 1447 2856 urna,
1479 2817 1532 2846 ea
1561 2816 1646 2846 nec
1678 2801 1787 2846 satis
1819 2800 2060 2845 concinunt
2091 2814 2194 2844 cum
2225 2800 2281 2845 iis
2314 2814 2432 2857 quae

289 2881 448 2926 marito
481 2878 738 2924 dehortanti
768 2884 940 2923 morata
970 2878 1169 2923 oratione
1200 2877 1441 2936 respondet
1471 2893 1513 2919 v.
1539 2878 1701 2933 71sqq.
1736 2876 1811 2934 (cf.
1845 2892 1889 2934 p.
1915 2878 1963 2933 5)
1997 2881 2042 2920 et
2075 2875 2132 2919 ab
2164 2874 2253 2919 illis
2282 2874 2432 2920 disce·

289 2955 402 2999 dunt
432 2969 546 3012 quae
576 2954 702 2996 fratri
733 2959 904 3008 narrat,
943 2968 1077 3009 quem
1106 2952 1291 2996 fratrem
1322 2967 1421 2996 esse
1451 2950 1647 2994 nondum
1679 2952 1906 3008 cognovit,
1938 2965 2039 2994 cum
2072 2950 2305 3008 complexa
2336 2965 2431 2993 om-

288 3030 364 3074 nia
393 3044 506 3087 quae
536 3027 757 3073 cantando
790 3034 867 3071 aut
896 3027 1014 3072 ultro
1046 3033 1125 3072 aut
1156 3043 1183 3071 a
1212 3026 1353 3072 choro
1384 3026 1576 3070 excitata
1606 3031 1708 3069 ante
1735 3023 1793 3069 de
1825 3040 1906 3069 sua
1933 3025 2188 3069 calamitate
2210 3024 2433 3082 exposuit,

290 3105 408 3149 hanc
450 3119 629 3162 quoque
668 3109 839 3161 partem
877 3117 1165 3148 aerumnosae
1200 3102 1319 3146 vitae
1357 3106 1582 3155 numerat,
1624 3099 1746 3157 quod
1783 3097 1882 3156 αὐτὴ
1912 3098 1978 3157 μὲν
2011 3101 2272 3158 ἐκμοχθοῦσα
2303 3097 2432 3155 κερκί-

289 3198 349 3223 σιν
376 3181 567 3233 πέπλους,
600 3176 699 3236 αὐτὴ
730 3177 774 3222 δὲ
804 3175 931 3235 πηγὰς
962 3174 1173 3236 ποταμίους
1203 3176 1420 3235 φορουμένη
1452 3177 1584 3234 (309)
1615 3176 1767 3220 vivere
1794 3181 1995 3235 cogatur,
2059 3176 2268 3233 Denique
2298 3191 2431 3233 quem

287 3255 415 3301 ducis
446 3255 540 3300 filia
569 3254 629 3300 ad
660 3253 842 3300 serviles
875 3269 1033 3311 operas
1058 3253 1314 3313 ‚necessaria
1345 3258 1465 3298 sorte
1495 3251 1671 3297 deiecta
1700 3266 1880 3297 movere
1911 3251 2057 3310 possit
2094 3250 2295 3297 dolorem
2332 3252 2434 3309 ipsa

2089 3325 2156 3377 2·
