3096 3800
1389 191 1418 237 5

1136 320 1262 382 πηγᾶς
1293 321 1488 382 ποταμίας
1517 324 1760 383 μετέρχομαι

876 398 921 443 οὐ
951 398 1004 456 δή
1032 415 1072 442 τι
1101 395 1239 454 χρείας
1270 398 1321 451 εἷς
1351 395 1506 443 τοσόνδ’
1543 397 1754 456 οἷφιγμένη·

877 471 971 518 ἄλλ’
1001 471 1051 527 ὥς
1080 466 1189 530 ὕβριν
1219 470 1402 533 δείξωμεν
1432 472 1630 531 Αἰγίσθου
1659 474 1767 526 θεοῖς

876 546 986 605 γόους
1016 547 1164 608 ἐφίημ’
1195 548 1326 606 αἰθέρ’
1356 549 1406 602 εἰς
1436 549 1554 608 μέγαν
1587 545 1738 606 πατρί,’

324 630 528 685 praestat
547 624 658 668 illud
680 624 861 681 quidem
883 624 1166 682 simplicitate
1198 640 1294 681 sua,
1325 625 1406 669 sed
1436 630 1488 668 ut
1517 639 1574 668 ne
1596 625 1661 669 sic
1682 624 1864 681 quidem
1885 624 2037 683 α’φίημι
2061 626 2307 684 praesentis
2327 626 2474 671 forma

326 700 478 746 sensui
507 699 734 758 loquentis
764 699 897 758 plane
927 705 1102 757 pareat,
1141 699 1218 744 illa
1248 705 1399 747 autem
1429 696 1479 752 αἷς
1508 692 1617 755 ὕβριν
1648 698 1833 757 δείξωμεν
1853 699 1940 756 Αἰγ.
1962 702 2069 754 θεοῖς
2088 699 2197 757 γόους
2219 699 2363 760 ἐφίημι
2395 719 2471 745 πα-

326 775 397 832 τρί
423 775 511 819 hoc
541 774 677 819 modo
709 774 785 817 vix
815 775 923 818 satis
955 780 1059 833 apte
1090 776 1205 819 inter
1236 790 1285 819 se
1316 775 1438 819 necti
1469 774 1716 818 videantur.

531 849 836 907 Exposuimus
877 848 1110 893 doctorum
1150 851 1418 905 sententias,
1462 855 1598 907 atque
1639 865 1693 893 ex
1731 850 1817 893 hac
1865 850 2124 908 opinionum
2163 852 2378 895 varietate
2419 859 2473 895 ut

326 940 605 984 emergamus
639 931 684 969 et
713 925 1025 970 nanciscamur
1054 939 1143 981 quo
1173 925 1334 983 pedem
1366 925 1506 983 figere
1537 925 1691 980 liceat,
1732 940 1829 969 eam
1860 926 2079 970 rationem
2107 926 2292 982 inimus,
2333 934 2384 971 ut
2415 943 2470 971 ex

321 1002 380 1046 iis
412 1015 528 1058 quae
560 1000 654 1057 agit
684 1000 866 1043 Electra
896 999 1111 1043 iudicium
1141 1005 1348 1058 petamus
1379 1000 1436 1043 de
1466 1000 1522 1043 iis
1554 1014 1668 1056 quae
1699 1015 1748 1044 se
1781 1006 1982 1045 acturam
2011 1001 2216 1059 professa
2244 1001 2316 1045 sit.
2377 1001 2471 1045 Ita—

324 1091 411 1132 que
442 1080 494 1118 ut
524 1074 581 1117 ad
620 1089 789 1132 paucos
824 1089 986 1131 passus
1023 1074 1238 1118 dramatis
1278 1075 1364 1118 iter
1393 1089 1729 1131 persequamur,
1773 1075 1956 1119 Electra
1986 1091 2013 1119 a
2043 1076 2202 1119 marito
2235 1076 2312 1133 qui
2348 1076 2470 1119 illam

322 1147 435 1208 ῥῆσιν
466 1149 642 1207 excepit
672 1148 901 1193 admonita
930 1163 986 1192 ne
1017 1163 1066 1193 se
1096 1147 1182 1193 hac
1211 1148 1418 1193 molestia
1449 1158 1653 1193 curarum
1684 1149 1902 1194 insuetam
1931 1156 2105 1208 premat

699 1226 785 1267 ΛΤ.
877 1221 923 1266 τί
947 1219 1021 1278 γοὶρ
1052 1219 1159 1274 τόδ’,
1190 1215 1223 1267 ὦ
1252 1221 1418 1280 δύστην’,
1450 1220 1543 1280 ἐμὴν
1573 1226 1742 1281 μοχθεῖς
1772 1223 1891 1280 χοίριν

755 1299 812 1342 65
875 1297 1010 1350 πόνους
1042 1297 1206 1353 ἔχουσα,
1237 1295 1414 1353 πρόσθεν
1446 1291 1781 1356 εῧτεθραμμένη,

876 1367 942 1416 καὶ
973 1370 1089 1416 ταῦτ’
1119 1373 1213 1431 ἐμοῦ
1241 1373 1417 1430 λέγοντος
1448 1371 1516 1417 οὐκ
1547 1370 1786 1429 α’φίστασαις

320 1450 517 1497 rationes
555 1448 775 1509 expromit
811 1447 974 1507 quibus
1014 1447 1099 1494 sibi
1138 1448 1206 1494 fas
1245 1464 1344 1494 esse
1382 1448 1570 1494 edoceat
1600 1455 1772 1508 partem
1809 1449 2013 1496 laborum
2046 1465 2204 1510 capere
2235 1451 2470 1509 virumque

323 1541 406 1572 sua
437 1540 573 1585 opera
604 1524 826 1569 adiuvare.

688 1603 779 1643 ΗΛ.
873 1598 947 1656 ἐγώ
978 1598 1021 1643 σ’
1052 1596 1132 1644 ἴσον
1161 1601 1311 1646 θεοῖσιν
1341 1601 1510 1659 ἠγοῦμαι
1541 1596 1678 1655 φίλον·

875 1675 910 1718 ἐν
941 1676 1020 1728 τοῖς
1051 1674 1154 1733 ἐμοῖς
1184 1671 1258 1732 γοὶρ
1291 1673 1359 1719 οὐκ
1391 1673 1588 1731 ἐνύβρισας
1619 1677 1763 1729 κακοῖς.

873 1749 1026 1807 μεγάλη
1059 1749 1103 1793 δὲ
1132 1752 1290 1808 θνητοῖς
1321 1751 1438 1808 μοῖρα
1469 1752 1672 1807 συμφοριῖς
1703 1752 1825 1807 κακῆς

755 1827 813 1869 70
876 1822 1005 1880 ἰατρὸν
1036 1822 1166 1880 εὑρεῖν,
1197 1823 1246 1878 ὥς
1278 1821 1353 1882 ἐγώ
1383 1823 1428 1867 σέ
1460 1823 1660 1881 λαμβάνω.

875 1901 943 1942 δεῖ
964 1897 1020 1956 δή
1049 1917 1097 1956 με
1128 1897 1385 1943 κιῖκέλευστον
1416 1898 1466 1951 εἰς
1497 1892 1585 1942 ἴσον
1617 1899 1744 1945 σθένω

874 1973 1040 2032 μόχθου
1068 1972 1399 2029 ’πικουφίζουσαν,
1431 1976 1483 2027 ὠς
1512 1972 1605 2034 ῥᾷον
1634 1973 1767 2034 φέρῃς,

876 2045 1155 2107 συνεκκομίζειν
1184 2044 1247 2092 σοὶ
1280 2048 1425 2103 πόνους.
1473 2043 1558 2103 ἅλις
1589 2048 1630 2092 δ’
1661 2047 1762 2105 ἔχεις

875 2119 1051 2180 τᾶξωθεν
1084 2121 1198 2181 ἔργα·
1229 2122 1298 2167 ταῖν
1329 2124 1462 2183 δόμοις
1493 2124 1535 2167 δ’
1564 2123 1666 2184 η’μόίς
1695 2122 1822 2182 χρεών

749 2201 806 2242 75
869 2196 1161 2255 ἐξευτρεπίζειν·
1209 2199 1363 2243 εἰσιόντι
1393 2198 1435 2242 δ’
1464 2199 1607 2261 ἐργάτῃ

872 2274 1050 2330 ,θύραθεν
1080 2272 1156 2330 ήδῦ
1186 2270 1321 2317 τᾶνδον
1352 2273 1533 2330 εὑρίσκειν
1561 2279 1705 2327 καλῶς.

321 2348 443 2391 Dein
476 2347 690 2407 digressis
721 2365 803 2394 suo
834 2357 1022 2406 uterque
1054 2349 1203 2393 officio
1235 2356 1285 2393 ut
1314 2351 1590 2408 fimgeretur,

686 2428 774 2467 A‘r.
867 2423 908 2468 εἴ
921 2442 990 2468 ,τοι
1020 2426 1134 2468 δοκεῖ
1155 2442 1232 2475 σοι,
1263 2426 1420 2479 στεῖχε·
1452 2422 1517 2468 καὶ
1546 2421 1621 2481 γᾶρ
1652 2424 1698 2468 οὐ
1726 2424 1860 2480 πρόσω

876 2497 997 2557 πηγαὶ
1028 2498 1237 2557 μελάθρων
1267 2498 1395 2544 τῶνδ’.
1443 2498 1518 2556 ἐγώ
1548 2498 1589 2543 δ’
1618 2491 1693 2557 ἔμ’
1721 2497 1847 2558 ἡμέρα

873 2577 964 2628 βοῦς
995 2574 1044 2628 εἰς
1075 2573 1237 2630 οἰρούρας
1269 2572 1458 2627 εἰσβαλὼν
1488 2577 1622 2630 σπερῶ
1650 2573 1756 2630 γύας.

721 2650 780 2695 80
872 2648 987 2707 α’ργδς
1017 2647 1092 2708 γᾶρ
1123 2643 1245 2702 οὐδεὶς
1275 2647 1389 2703 θεούς
1421 2646 1521 2705 ἔχων
1553 2645 1626 2694 αῗναῖ
1654 2648 1784 2708 στόμα

876 2723 959 2779 βίον
990 2724 1137 2769 δύναιτ’
1182 2720 1227 2770 ἓν
1257 2725 1454 2782 ξυλλέγειν
1484 2720 1569 2769 ἄνευ
1599 2723 1731 2776 πόνου,

323 2796 509 2843 Orestes
542 2813 643 2842 cum
673 2798 847 2856 Pylade
886 2800 1172 2858 progreditur
1211 2801 1339 2858 eique
1379 2788 1565 2844 consilia
1604 2805 1736 2857 capta
1775 2799 2008 2856 patefacit,
2051 2798 2139 2843 huc
2171 2815 2220 2844 se
2258 2800 2373 2844 clam
2407 2800 2467 2844 ad

320 2872 434 2915 fines
465 2877 609 2916 terrae
640 2874 838 2932 Argivae
868 2875 1045 2919 venisse
1077 2881 1127 2919 ut
1157 2890 1258 2919 cum
1288 2874 1471 2918 Electra
1503 2889 1676 2930 sorore,
1714 2889 1846 2931 quam
1877 2873 2014 2917 fando
2046 2874 2266 2919 audiverit
2294 2875 2342 2918 in
2373 2891 2469 2919 ma-

319 2949 577 2992 trimonium
615 2949 767 2994 datam
803 2951 923 2994 circa
953 2951 1074 2994 hunc
1103 2952 1253 2994 locum
1285 2951 1467 3008 degere,
1509 2951 1721 2993 societate
1752 2950 1864 2992 inita
1902 2950 1960 2993 ad
1990 2950 2295 2995 ulciscendam
2325 2953 2467 3010 patris

321 3024 506 3068 caedem
546 3032 718 3084 pergat.
784 3026 875 3082 Qui
916 3027 1021 3071 dum
1061 3033 1324 3085 exspectant
1355 3028 1394 3070 si
1430 3027 1545 3069 forte
1583 3026 1695 3069 hora
1725 3027 1943 3069 matutina
1974 3027 2171 3083 agricola
2201 3029 2275 3071 vel
2306 3028 2469 3071 ancilla

321 3105 594 3158 praetereat,
641 3118 696 3146 ex
735 3118 824 3160 qua
858 3103 1065 3148 Electrae
1104 3103 1373 3148 domicilium
1412 3102 1626 3147 sciscitari
1663 3103 1862 3161 possint,
1910 3102 2117 3149 reducem
2157 3105 2214 3148 ab
2257 3103 2468 3162 aquando

320 3174 552 3221 Electram
583 3178 774 3224 famulae
807 3180 1002 3237 speciem
1033 3196 1140 3237 prae
1172 3195 1221 3224 se
1251 3180 1463 3224 ferentem
1495 3179 1828 3236 conspicantur:
